"id";"name";"date_planned";"discount";"taxes_id:id";"price_unit";"product_id:id";"order_id:id";"sequence";"state";"product_uom:id";"qty_invoiced";"qty_received";"qty_to_invoice";"qty_to_receive";"product_qty"
"__export__.purchase_order_line_6782_fc8ee6f4";"[UNG001] TAGLIAUNGHIE";"2020-01-31 09:42:44";"0.0";"l10n_it.1_22a";"9.0";"__export__.product_product_20923_d22587a1";"__export__.purchase_order_1052_a0fdf770";"10";"purchase";"uom.product_uom_unit";"0.0";"1.0";"1.0";"0.0";"1.0"
"__export__.purchase_order_line_6783_9322e309";"[PETT003] PETTINE IN METALLO A 20/41 DENTI";"2020-01-31 09:42:44";"0.0";"l10n_it.1_22a";"4.4";"__export__.product_product_20924_015e7f8d";"__export__.purchase_order_1052_a0fdf770";"10";"purchase";"uom.product_uom_unit";"0.0";"1.0";"1.0";"0.0";"1.0"
"__export__.purchase_order_line_6776_880bbe1d";"[020358-S] T T4 CALIBRATORE 6x1x1ml";"2020-01-16 09:02:37";"30.0";"l10n_it.1_22a";"60.06";"__export__.product_product_17165_b621508f";"__export__.purchase_order_1051_4c566cc1";"10";"purchase";"__export__.uom_uom_22_b15e9a07";"0.0";"2.0";"2.0";"0.0";"2.0"
"__export__.purchase_order_line_6693_49c26cc1";"[B0228] NM SANGUE OCCULTO QUAN.100test";"2020-01-15 16:17:31";"0.0";"l10n_it.1_22a";"90.0";"__export__.product_product_17346_100a9033";"__export__.purchase_order_1036_4d588b06";"10";"purchase";"__export__.uom_uom_22_b15e9a07";"0.0";"2.0";"2.0";"0.0";"2.0"
"__export__.purchase_order_line_6677_a0fbc76c";"[12401] CD DILUENTE SUPPHIRE 20lt.";"2020-01-15 14:29:03";"0.0";"l10n_it.1_22a";"33.6";"__export__.product_product_16251_2d6fe011";"__export__.purchase_order_1034_832e4e87";"10";"purchase";"uom.product_uom_unit";"0.0";"3.0";"3.0";"0.0";"3.0"
"__export__.purchase_order_line_6676_992d3cb4";"[06FK10] SIFILIDE 3.0 30 test";"2020-01-15 14:29:01";"0.0";"l10n_it.1_22a";"16.47";"__export__.product_product_18732_20477f2b";"__export__.purchase_order_1033_96497bea";"10";"purchase";"__export__.uom_uom_22_b15e9a07";"0.0";"5.0";"5.0";"0.0";"5.0"
"__export__.purchase_order_line_6684_cbe9370f";"[430-022] RSV NOW VIRUS RESPIRAT 22test";"2020-01-15 14:29:01";"40.0";"l10n_it.1_22a";"252.5";"__export__.product_product_18715_b2dd3ea9";"__export__.purchase_order_1033_96497bea";"10";"purchase";"__export__.uom_uom_22_b15e9a07";"0.0";"1.0";"1.0";"0.0";"1.0"
"__export__.purchase_order_line_6703_4fe662dc";"[1116081] NYC D-DIMERO 24test";"2020-01-15 14:29:01";"0.0";"l10n_it.1_22a";"76.0";"__export__.product_product_18077_18d20500";"__export__.purchase_order_1033_96497bea";"11";"purchase";"__export__.uom_uom_22_b15e9a07";"0.0";"0.0";"0.0";"0.0";"0.0"
"__export__.purchase_order_line_6669_ee08924f";"[HM4201] EXIGO DILUENTE 1,9lt";"2020-01-15 14:28:56";"65.0";"l10n_it.1_22a";"72.0";"__export__.product_product_18874_f1f0dff9";"__export__.purchase_order_1032_87a5902a";"10";"purchase";"uom.product_uom_unit";"0.0";"3.0";"3.0";"0.0";"3.0"
"__export__.purchase_order_line_6670_0b425f95";"[HM4202] EXIGO LYSE 1,9lt";"2020-01-15 14:28:56";"50.0";"l10n_it.1_22a";"271.0";"__export__.product_product_18875_e2785fa9";"__export__.purchase_order_1032_87a5902a";"10";"purchase";"uom.product_uom_unit";"0.0";"1.0";"1.0";"0.0";"1.0"
"__export__.purchase_order_line_6671_fc0e235a";"[HM4203] EXIGO SYSTEM CLEANER 1,9lt";"2020-01-15 14:28:56";"50.0";"l10n_it.1_22a";"91.0";"__export__.product_product_18876_308a5e87";"__export__.purchase_order_1032_87a5902a";"10";"purchase";"uom.product_uom_unit";"0.0";"1.0";"1.0";"0.0";"1.0"
"__export__.purchase_order_line_6672_84905128";"[15809621] FD Na/K/Cl 24 test";"2020-01-15 14:28:56";"55.0";"l10n_it.1_22a";"154.0";"__export__.product_product_19135_9725d44c";"__export__.purchase_order_1032_87a5902a";"10";"purchase";"__export__.uom_uom_22_b15e9a07";"0.0";"2.0";"2.0";"0.0";"2.0"
"__export__.purchase_order_line_6678_0a128dc5";"[2050] FD ALBUMINA 24 test";"2020-01-15 14:28:56";"55.0";"l10n_it.1_22a";"64.0";"__export__.product_product_19117_65f0ef16";"__export__.purchase_order_1032_87a5902a";"10";"purchase";"__export__.uom_uom_22_b15e9a07";"0.0";"11.0";"11.0";"0.0";"11.0"
"__export__.purchase_order_line_6712_5b9498da";"[15809463] FD CPK 24 test";"2020-01-15 14:28:56";"55.0";"l10n_it.1_22a";"77.0";"__export__.product_product_19124_7b7be03e";"__export__.purchase_order_1032_87a5902a";"10";"purchase";"__export__.uom_uom_22_b15e9a07";"0.0";"1.0";"1.0";"0.0";"1.0"
"__export__.purchase_order_line_6816_30e04644";"[96214-10] HM CREATININA 10 TEST";"2020-01-15 14:28:56";"60.0";"l10n_it.1_22a";"29.0";"__export__.product_product_19154_37d70e72";"__export__.purchase_order_1032_87a5902a";"10";"purchase";"__export__.uom_uom_22_b15e9a07";"0.0";"3.0";"3.0";"0.0";"3.0"
"__export__.purchase_order_line_6817_726f4a98";"[96216-10] HM UREA-BUN 10 TEST";"2020-01-15 14:28:56";"60.0";"l10n_it.1_22a";"29.0";"__export__.product_product_19165_8d1ba49d";"__export__.purchase_order_1032_87a5902a";"10";"purchase";"__export__.uom_uom_22_b15e9a07";"0.0";"3.0";"3.0";"0.0";"3.0"
"__export__.purchase_order_line_6840_5eb4219d";"[15622607] FD TUBE 0,5 500pz";"2020-01-15 14:28:56";"55.0";"l10n_it.1_22a";"333.0";"__export__.product_product_18903_b800b571";"__export__.purchase_order_1032_87a5902a";"10";"purchase";"__export__.uom_uom_22_b15e9a07";"0.0";"1.0";"1.0";"0.0";"1.0"
"__export__.purchase_order_line_6850_56a93e2b";"[15809615] FD AUTO TIPS 576pz";"2020-01-15 14:28:56";"55.0";"l10n_it.1_22a";"230.0";"__export__.product_product_18902_3738d2c7";"__export__.purchase_order_1032_87a5902a";"10";"purchase";"__export__.uom_uom_22_b15e9a07";"0.0";"1.0";"1.0";"0.0";"1.0"
"__export__.purchase_order_line_6861_8c5822d2";"[2450] FD FOSFORO INORGANICO 24 test";"2020-01-15 14:28:56";"55.0";"l10n_it.1_22a";"97.0";"__export__.product_product_19127_c0c744bf";"__export__.purchase_order_1032_87a5902a";"10";"purchase";"__export__.uom_uom_22_b15e9a07";"0.0";"6.0";"6.0";"0.0";"6.0"
"__export__.purchase_order_line_6870_2b3eebd5";"[1450] FD COLESTEROLO 24 test";"2020-01-15 14:28:56";"55.0";"l10n_it.1_22a";"80.0";"__export__.product_product_19122_e49f63fb";"__export__.purchase_order_1032_87a5902a";"10";"purchase";"__export__.uom_uom_22_b15e9a07";"0.0";"1.0";"1.0";"0.0";"1.0"
"__export__.purchase_order_line_6871_fd1f61f3";"[1650] FD TRIGLICERIDI 24 test";"2020-01-15 14:28:56";"55.0";"l10n_it.1_22a";"80.0";"__export__.product_product_19138_83420059";"__export__.purchase_order_1032_87a5902a";"10";"purchase";"__export__.uom_uom_22_b15e9a07";"0.0";"2.0";"2.0";"0.0";"2.0"
"__export__.purchase_order_line_6915_180c00a5";"[3550] FD ALP 24 test";"2020-01-15 14:28:56";"55.0";"l10n_it.1_22a";"64.0";"__export__.product_product_19118_935b8246";"__export__.purchase_order_1032_87a5902a";"10";"purchase";"__export__.uom_uom_22_b15e9a07";"0.0";"5.0";"5.0";"0.0";"5.0"
"__export__.purchase_order_line_6918_093fc4b0";"[3150] FD GOT 24 test";"2020-01-15 14:28:56";"55.0";"l10n_it.1_22a";"60.0";"__export__.product_product_19130_2d9590c5";"__export__.purchase_order_1032_87a5902a";"10";"purchase";"__export__.uom_uom_22_b15e9a07";"0.0";"15.0";"15.0";"0.0";"15.0"
"__export__.purchase_order_line_6921_2e70aad9";"[1150] FD UREA-BUN 24 test";"2020-01-15 14:28:56";"55.0";"l10n_it.1_22a";"64.0";"__export__.product_product_19140_99e2b252";"__export__.purchase_order_1032_87a5902a";"10";"purchase";"__export__.uom_uom_22_b15e9a07";"0.0";"15.0";"15.0";"0.0";"15.0"
"__export__.purchase_order_line_6922_3d465f41";"[1750] FD CREATININA 24 test";"2020-01-15 14:28:56";"55.0";"l10n_it.1_22a";"66.0";"__export__.product_product_19125_14d4ef97";"__export__.purchase_order_1032_87a5902a";"10";"purchase";"__export__.uom_uom_22_b15e9a07";"0.0";"15.0";"15.0";"0.0";"15.0"
"__export__.purchase_order_line_6930_5cbd6445";"[15809788] FD REFERENCE FLUID 6x8ml";"2020-01-15 14:28:56";"55.0";"l10n_it.1_22a";"42.0";"__export__.product_product_19137_af7ac524";"__export__.purchase_order_1032_87a5902a";"10";"purchase";"__export__.uom_uom_22_b15e9a07";"0.0";"1.0";"1.0";"0.0";"1.0"
"__export__.purchase_order_line_6667_b4faceb0";"[SRE600K] IG MICROGEL SIEROPR.10x13 test";"2020-01-15 14:28:55";"0.0";"l10n_it.1_22a";"130.0";"__export__.product_product_16123_b8400f22";"__export__.purchase_order_1031_f355640d";"10";"purchase";"__export__.uom_uom_22_b15e9a07";"0.0";"2.0";"2.0";"0.0";"2.0"
"__export__.purchase_order_line_6673_1c30594f";"[SRE601K] IG MICROGEL SIEROPR.10x26 TEST";"2020-01-15 14:28:55";"0.0";"l10n_it.1_22a";"165.0";"__export__.product_product_16124_e7010fee";"__export__.purchase_order_1031_f355640d";"10";"purchase";"__export__.uom_uom_22_b15e9a07";"0.0";"1.0";"1.0";"0.0";"1.0"
"__export__.purchase_order_line_6666_6ce36081";"[ICHR095] IC HCG1 25t.range 5-50000";"2020-01-15 14:28:54";"0.0";"l10n_it.1_22a";"56.6";"__export__.product_product_17375_143eadac";"__export__.purchase_order_1030_1c5c3005";"10";"purchase";"__export__.uom_uom_22_b15e9a07";"0.0";"1.0";"1.0";"0.0";"1.0"
"__export__.purchase_order_line_6766_6f462315";"[GOOC] SIERO DI COOMBS 10ml";"2020-01-15 14:28:54";"0.0";"l10n_it.1_22a";"22.43";"__export__.product_product_17474_a4271e14";"__export__.purchase_order_1030_1c5c3005";"10";"purchase";"__export__.uom_uom_22_b15e9a07";"0.0";"2.0";"2.0";"0.0";"2.0"
"__export__.purchase_order_line_6826_8efc9ea1";"[CFPC-15-1] IC FOB Neo 25 TEST";"2020-01-15 14:28:54";"0.0";"l10n_it.1_22a";"43.7";"__export__.product_product_17027_c22a6652";"__export__.purchase_order_1030_1c5c3005";"10";"purchase";"__export__.uom_uom_22_b15e9a07";"0.0";"2.0";"2.0";"0.0";"2.0"
"__export__.purchase_order_line_6936_2f7dfe45";"[ICHR080N] IC HbA1c 25 test";"2020-01-15 14:28:54";"0.0";"l10n_it.1_22a";"53.0";"__export__.product_product_17373_368b3521";"__export__.purchase_order_1030_1c5c3005";"10";"purchase";"__export__.uom_uom_22_b15e9a07";"0.0";"3.0";"3.0";"0.0";"3.0"
"__export__.purchase_order_line_6947_42d50854";"[GOOA] ANTI A MONOCLONALE 10ml";"2020-01-15 14:28:54";"0.0";"l10n_it.1_22a";"3.54";"__export__.product_product_17470_3dd5cea7";"__export__.purchase_order_1030_1c5c3005";"11";"purchase";"__export__.uom_uom_22_b15e9a07";"0.0";"3.0";"3.0";"0.0";"3.0"
"__export__.purchase_order_line_6866_381598d5";"[EE501.S244] SELEO KIT ELETTROFORESI 400t";"2020-01-14 16:35:33";"0.0";"l10n_it.1_22a";"95.0";"__export__.product_product_16145_6379ea65";"__export__.purchase_order_1024_274f2756";"10";"purchase";"__export__.uom_uom_22_b15e9a07";"0.0";"1.0";"1.0";"0.0";"1.0"
"__export__.purchase_order_line_6640_6d0fb77e";"[5390095190] RE HIV COMBI PT + CAL 100test";"2020-01-14 16:35:28";"0.0";"__export__.account_tax_85_b2b88c9a";"92.0";"__export__.product_product_16820_b70cfe14";"__export__.purchase_order_1022_9d0e4428";"10";"purchase";"__export__.uom_uom_22_b15e9a07";"0.0";"2.0";"2.0";"0.0";"2.0"
"__export__.purchase_order_line_6644_f29b2168";"[5894816190] RE ANTI-HBs II NEW+CAL 100test";"2020-01-14 16:35:28";"0.0";"__export__.account_tax_85_b2b88c9a";"75.0";"__export__.product_product_16801_1f576bda";"__export__.purchase_order_1022_9d0e4428";"10";"purchase";"__export__.uom_uom_22_b15e9a07";"0.0";"10.0";"10.0";"0.0";"10.0"
"__export__.purchase_order_line_6679_d7f61fa6";"[3271749190] RE B-HCG TOT. 100 test";"2020-01-14 16:35:28";"0.0";"__export__.account_tax_85_b2b88c9a";"63.0";"__export__.product_product_16803_66c43034";"__export__.purchase_order_1022_9d0e4428";"10";"purchase";"__export__.uom_uom_22_b15e9a07";"0.0";"5.0";"5.0";"0.0";"5.0"
"__export__.purchase_order_line_6704_bf45bbdc";"[12149133122] RE OSTEOCALCINA 100 TEST";"2020-02-13 16:35:28";"0.0";"__export__.account_tax_85_b2b88c9a";"298.0";"__export__.product_product_20939_57bdb754";"__export__.purchase_order_1022_9d0e4428";"11";"purchase";"uom.product_uom_unit";"0.0";"1.0";"1.0";"0.0";"1.0"
"__export__.purchase_order_line_6635_2e0b991c";"[D6186] MS  TUBES BLOOD T/ARANC. 500pz";"2020-01-14 16:35:22";"35.0";"l10n_it.1_22a";"200.0";"__export__.product_product_19307_60d03948";"__export__.purchase_order_1021_82441bcc";"10";"purchase";"__export__.uom_uom_22_b15e9a07";"0.0";"1.0";"1.0";"0.0";"1.0"
"__export__.purchase_order_line_6636_9de61610";"[33920] MS GGT 25 STRIP";"2020-01-14 16:35:22";"45.0";"l10n_it.1_22a";"54.0";"__export__.product_product_19319_8b1fd6f1";"__export__.purchase_order_1021_82441bcc";"10";"purchase";"__export__.uom_uom_22_b15e9a07";"0.0";"1.0";"1.0";"0.0";"1.0"
"__export__.purchase_order_line_6642_684c35ef";"[33930] MS KIDNEY PROF2(RENALE)25 test";"2020-01-14 16:35:22";"35.0";"l10n_it.1_22a";"110.0";"__export__.product_product_19325_8f616b96";"__export__.purchase_order_1021_82441bcc";"10";"purchase";"__export__.uom_uom_22_b15e9a07";"0.0";"6.0";"6.0";"0.0";"6.0"
"__export__.purchase_order_line_6660_79bc3522";"[33931] MS FOSFORO 25 STRIPS";"2020-01-14 16:35:22";"45.0";"l10n_it.1_22a";"63.0";"__export__.product_product_19317_f49944ba";"__export__.purchase_order_1021_82441bcc";"10";"purchase";"__export__.uom_uom_22_b15e9a07";"0.0";"1.0";"1.0";"0.0";"1.0"
"__export__.purchase_order_line_6699_4dc4dc7e";"[33924] MS FRUTTOSAMINA 25 STRIP";"2020-01-14 16:35:22";"45.0";"l10n_it.1_22a";"75.0";"__export__.product_product_19318_8da7a0bd";"__export__.purchase_order_1021_82441bcc";"11";"purchase";"__export__.uom_uom_22_b15e9a07";"0.0";"1.0";"1.0";"0.0";"1.0"
"__export__.purchase_order_line_6700_d330719a";"[33911] MS CALCIO 25 STRISCE";"2020-01-14 16:35:22";"45.0";"l10n_it.1_22a";"48.0";"__export__.product_product_19312_604c450a";"__export__.purchase_order_1021_82441bcc";"12";"purchase";"__export__.uom_uom_22_b15e9a07";"0.0";"1.0";"1.0";"0.0";"1.0"
"__export__.purchase_order_line_6774_5974ca80";"[33920] MS GGT 25 STRIP";"2020-01-14 16:35:22";"45.0";"l10n_it.1_22a";"54.0";"__export__.product_product_19319_8b1fd6f1";"__export__.purchase_order_1021_82441bcc";"13";"purchase";"__export__.uom_uom_22_b15e9a07";"0.0";"2.0";"2.0";"0.0";"2.0"
"__export__.purchase_order_line_6630_82b7381c";"[ICHR032] IC FERRITINA 25 test";"2020-01-14 16:35:19";"0.0";"l10n_it.1_22a";"68.0";"__export__.product_product_17369_34e5660d";"__export__.purchase_order_1020_dcea7b4e";"10";"purchase";"__export__.uom_uom_22_b15e9a07";"0.0";"2.0";"2.0";"0.0";"2.0"
"__export__.purchase_order_line_6631_2095e80b";"[ICHR100] IC PSA 25 test";"2020-01-14 16:35:19";"0.0";"l10n_it.1_22a";"52.7";"__export__.product_product_17384_ebd551f3";"__export__.purchase_order_1020_dcea7b4e";"10";"purchase";"__export__.uom_uom_22_b15e9a07";"0.0";"1.0";"1.0";"0.0";"1.0"
"__export__.purchase_order_line_6634_ab4965b3";"[ICHR070] IC CRP 25 test";"2020-01-14 16:35:19";"0.0";"l10n_it.1_22a";"41.7";"__export__.product_product_17364_39037187";"__export__.purchase_order_1020_dcea7b4e";"10";"purchase";"__export__.uom_uom_22_b15e9a07";"0.0";"1.0";"1.0";"0.0";"1.0"
"__export__.purchase_order_line_6629_757b7c08";"[967835] HERPES SIMPLEX 1+2 IgM 96 test";"2020-01-14 16:35:18";"0.0";"l10n_it.1_22a";"80.0";"__export__.product_product_16695_a8067d7b";"__export__.purchase_order_1019_e1cbe288";"10";"purchase";"__export__.uom_uom_22_b15e9a07";"0.0";"1.0";"1.0";"0.0";"1.0"
"__export__.purchase_order_line_6692_c0498d26";"[ALKT-103] IGE TOTALI 96 TEST";"2020-01-14 16:35:18";"0.0";"l10n_it.1_22a";"175.0";"__export__.product_product_16702_838fc53a";"__export__.purchase_order_1019_e1cbe288";"10";"purchase";"__export__.uom_uom_22_b15e9a07";"0.0";"1.0";"1.0";"0.0";"1.0"
"__export__.purchase_order_line_6627_158acc2f";"[VBS636] VETR C/OGG 22x22 2000pz";"2020-01-14 16:35:17";"0.0";"l10n_it.1_22a";"17.6";"__export__.product_product_17699_5f0053e5";"__export__.purchase_order_1018_7d5c7c02";"10";"purchase";"__export__.uom_uom_22_b15e9a07";"0.0";"1.0";"1.0";"0.0";"1.0"
"__export__.purchase_order_line_6688_ecff586d";"[BS472007] SPUGNA P/PROVETTE 40 POSTI 1pz";"2020-01-14 16:35:17";"0.0";"l10n_it.1_22a";"3.0";"__export__.product_product_17690_d2da0c4a";"__export__.purchase_order_1018_7d5c7c02";"10";"purchase";"uom.product_uom_unit";"0.0";"2.0";"2.0";"0.0";"2.0"
"__export__.purchase_order_line_6773_075a48c8";"[BSV012] TAKIVES GRADUATE VETRO 2000pz";"2020-01-14 16:35:17";"0.0";"l10n_it.1_22a";"155.0";"__export__.product_product_18165_9b456211";"__export__.purchase_order_1018_7d5c7c02";"10";"purchase";"__export__.uom_uom_22_b15e9a07";"0.0";"2.0";"2.0";"0.0";"2.0"
"__export__.purchase_order_line_6839_85e82543";"[ABS124HP] PIPETTA 1CH MEC V/F 200ul";"2020-01-14 16:35:17";"0.0";"l10n_it.1_22a";"60.5";"__export__.product_product_18136_225f22cb";"__export__.purchase_order_1018_7d5c7c02";"10";"purchase";"__export__.uom_uom_22_b15e9a07";"0.0";"1.0";"1.0";"0.0";"1.0"
"__export__.purchase_order_line_6859_41daae21";"[VBS653/A] VETR P/OGG 26x76 TAGL 2500pz";"2020-01-14 16:35:17";"0.0";"l10n_it.1_22a";"47.1";"__export__.product_product_17703_d55fe4af";"__export__.purchase_order_1018_7d5c7c02";"10";"purchase";"__export__.uom_uom_22_b15e9a07";"0.0";"1.0";"1.0";"0.0";"1.0"
"__export__.purchase_order_line_6937_5cf4fb8e";"[VBS633] VETR C/OGG 18x18 2000pz";"2020-01-14 16:35:17";"0.0";"l10n_it.1_22a";"10.5";"__export__.product_product_17696_f231c1e4";"__export__.purchase_order_1018_7d5c7c02";"10";"purchase";"__export__.uom_uom_22_b15e9a07";"0.0";"2.0";"2.0";"0.0";"2.0"
"__export__.purchase_order_line_6998_efd4d507";"[BSV1364] PIPETTE PASTEUR 3mlN/ST 3000pz";"2020-01-14 16:35:17";"0.0";"l10n_it.1_22a";"33.0";"__export__.product_product_17666_69ec6ae7";"__export__.purchase_order_1018_7d5c7c02";"10";"purchase";"__export__.uom_uom_22_b15e9a07";"0.0";"2.0";"2.0";"0.0";"2.0"
"__export__.purchase_order_line_7080_9ee71823";"[BSV1351] Pipette Pasteur 1 mL Sterili 1.000 Pz";"2020-01-29 16:35:17";"0.0";"l10n_it.1_22a";"43.6";"__export__.product_product_20960_e2243adc";"__export__.purchase_order_1018_7d5c7c02";"11";"purchase";"__export__.uom_uom_22_b15e9a07";"0.0";"1.0";"1.0";"0.0";"1.0"
"__export__.purchase_order_line_6625_0a0eb271";"[42481] FL NACi3,8% 2,7ml 13x75 1200pz";"2020-01-14 16:35:14";"0.0";"l10n_it.1_22a";"66.24";"__export__.product_product_17824_6bf93a0c";"__export__.purchase_order_1016_273348d2";"10";"purchase";"__export__.uom_uom_22_b15e9a07";"0.0";"1.0";"1.0";"0.0";"1.0"
"__export__.purchase_order_line_6833_45e28061";"[CE307583] ACQUA BIDISTILLATA 25 lt";"2020-01-14 16:35:14";"0.0";"l10n_it.1_22a";"7.25";"__export__.product_product_18262_ad148995";"__export__.purchase_order_1016_273348d2";"10";"purchase";"uom.product_uom_unit";"0.0";"10.0";"10.0";"0.0";"10.0"
"__export__.purchase_order_line_6946_a03bfbe9";"[128141] Fl Ago Farf. 21G Verde 1.000 Pz";"2020-01-14 16:35:14";"0.0";"l10n_it.1_22a";"74.6";"__export__.product_product_17783_398602fe";"__export__.purchase_order_1016_273348d2";"11";"purchase";"__export__.uom_uom_22_b15e9a07";"0.0";"7.0";"7.0";"0.0";"7.0"
"__export__.purchase_order_line_6611_782fa170";"[11544039172] MICRAL TEST URINE 30 TEST";"2020-01-14 14:29:16";"0.0";"l10n_it.1_22a";"43.0";"__export__.product_product_16329_5f7d7626";"__export__.purchase_order_1013_150ff1f8";"10";"purchase";"__export__.uom_uom_22_b15e9a07";"0.0";"1.0";"1.0";"0.0";"1.0"
"__export__.purchase_order_line_6594_bb135e2b";"[CH224] APTT SI+CLORURO 10x4+10x4ml";"2020-01-14 14:28:44";"0.0";"l10n_it.1_22a";"38.0";"__export__.product_product_20618_bc2d831a";"__export__.purchase_order_1012_2e8c69f9";"10";"purchase";"uom.product_uom_unit";"0.0";"2.0";"2.0";"0.0";"2.0"
"__export__.purchase_order_line_6897_8f0235da";"[CH111] PT L 10x5ml";"2020-01-14 14:28:44";"0.0";"l10n_it.1_22a";"35.0";"__export__.product_product_20660_5cd7e479";"__export__.purchase_order_1012_2e8c69f9";"10";"purchase";"uom.product_uom_unit";"0.0";"4.0";"4.0";"0.0";"4.0"
"__export__.purchase_order_line_7395_14a33817";"[CH004] Plasma Ctrl. Normale 10x1 mL";"2020-01-19 14:28:44";"0.0";"l10n_it.1_22a";"31.5";"__export__.product_product_20882_b6128236";"__export__.purchase_order_1012_2e8c69f9";"10";"purchase";"uom.product_uom_unit";"0.0";"1.0";"1.0";"0.0";"1.0"
"__export__.purchase_order_line_6655_27d30127";"[GDX10-1] LEISHMANIA 10 test S/PIPETTA";"2020-01-24 09:34:12";"0.0";"l10n_it.1_22a";"34.25";"__export__.product_product_19097_6ef53139";"__export__.purchase_order_1027_29dbd863";"10";"purchase";"__export__.uom_uom_22_b15e9a07";"0.0";"5.0";"5.0";"0.0";"5.0"
"__export__.purchase_order_line_6652_5a2a07b0";"[JAP147] MICROSCOPIO ECLIPSE E200 ILLUMINAZIONE LED";"2020-01-23 16:44:26";"0.0";"l10n_it.1_22a";"2000.0";"__export__.product_product_20873_7491cc1a";"__export__.purchase_order_1026_1af8d4e1";"10";"purchase";"uom.product_uom_unit";"0.0";"1.0";"1.0";"0.0";"1.0"
"__export__.purchase_order_line_6624_c58ad4df";"[JRO003] COBAS E411 RACK";"2020-01-13 16:15:21";"0.0";"";"13000.0";"__export__.product_product_18795_14a6ec8a";"__export__.purchase_order_1015_de685aef";"10";"purchase";"uom.product_uom_unit";"0.0";"2.0";"2.0";"0.0";"2.0"
"__export__.purchase_order_line_6620_38af1f08";"[ICHR0021] IC PROGESTERONE 25 TEST";"2020-01-13 15:49:35";"0.0";"l10n_it.1_22a";"71.5";"__export__.product_product_17382_2e680154";"__export__.purchase_order_1014_89105f7b";"10";"purchase";"__export__.uom_uom_22_b15e9a07";"0.0";"2.0";"2.0";"0.0";"2.0"
"__export__.purchase_order_line_6586_e0fc247b";"[JAC925] CAPPA A FLUSS.LAM.VERT.MOD.700";"2020-01-13 10:45:36";"0.0";"l10n_it.1_22a";"600.0";"__export__.product_product_19841_4cccf530";"__export__.purchase_order_1011_9fda94d6";"10";"purchase";"__export__.uom_uom_22_b15e9a07";"0.0";"1.0";"1.0";"0.0";"1.0"
"__export__.purchase_order_line_6585_342eecea";"[JAN003] SQA V GOLD VERS.2.60 (5°EDIZ.)";"2020-01-13 10:31:27";"0.0";"l10n_it.1_22a";"4000.0";"__export__.product_product_19805_34476128";"__export__.purchase_order_1010_12a2ca8b";"10";"purchase";"uom.product_uom_unit";"0.0";"1.0";"1.0";"0.0";"1.0"
"__export__.purchase_order_line_6577_d37d5f39";"[FK00250] ACIDO CITRICO 5x20ml";"2020-01-12 14:28:54";"0.0";"l10n_it.1_22a";"125.0";"__export__.product_product_17580_44935a97";"__export__.purchase_order_1009_f585ae3d";"10";"purchase";"__export__.uom_uom_22_b15e9a07";"0.0";"1.0";"1.0";"0.0";"1.0"
"__export__.purchase_order_line_6579_bb6059f1";"[FK00100] FRUTTOSIO 100 test";"2020-01-12 14:28:54";"0.0";"l10n_it.1_22a";"100.0";"__export__.product_product_17581_0806472b";"__export__.purchase_order_1009_f585ae3d";"10";"purchase";"__export__.uom_uom_22_b15e9a07";"0.0";"1.0";"1.0";"0.0";"1.0"
"__export__.purchase_order_line_6584_ec91ba22";"[FK00200] ZINCO 50 test";"2020-01-12 14:28:54";"0.0";"l10n_it.1_22a";"95.0";"__export__.product_product_17582_ce314320";"__export__.purchase_order_1009_f585ae3d";"10";"purchase";"__export__.uom_uom_22_b15e9a07";"0.0";"1.0";"1.0";"0.0";"1.0"
"__export__.purchase_order_line_6572_6a590020";"[33921] MS ALP 25 STRIP";"2020-01-12 14:28:48";"45.0";"l10n_it.1_22a";"54.0";"__export__.product_product_19309_3c7d6552";"__export__.purchase_order_1008_bfc9e48b";"10";"purchase";"__export__.uom_uom_22_b15e9a07";"0.0";"3.0";"3.0";"0.0";"3.0"
"__export__.purchase_order_line_6573_2866fcdc";"[33925] MS LIVER PROFILE 25 STRISCE";"2020-01-12 14:28:48";"45.0";"l10n_it.1_22a";"172.0";"__export__.product_product_19326_9e598169";"__export__.purchase_order_1008_bfc9e48b";"10";"purchase";"__export__.uom_uom_22_b15e9a07";"0.0";"8.0";"8.0";"0.0";"8.0"
"__export__.purchase_order_line_6568_78579652";"[5957664190] RE CK MB CALIBR.2x2x1ml(18MIN)";"2020-01-12 14:28:45";"0.0";"l10n_it.1_22a";"17.85";"__export__.product_product_16867_5768ca05";"__export__.purchase_order_1007_e3023436";"10";"purchase";"__export__.uom_uom_22_b15e9a07";"0.0";"1.0";"1.0";"0.0";"1.0"
"__export__.purchase_order_line_6681_95781df3";"[11379208191] COMBUR 10 MIDITRON 100 test";"2020-01-12 14:28:45";"0.0";"l10n_it.1_22a";"7.8";"__export__.product_product_16326_3ef5eddf";"__export__.purchase_order_1007_e3023436";"10";"purchase";"__export__.uom_uom_22_b15e9a07";"0.0";"30.0";"30.0";"0.0";"30.0"
"__export__.purchase_order_line_6714_a72e1fe6";"[6687750190] RE CORTISOLO II CALIBR.2x2x1ml";"2020-01-12 14:28:45";"0.0";"l10n_it.1_22a";"17.85";"__export__.product_product_16869_9d658b96";"__export__.purchase_order_1007_e3023436";"10";"purchase";"__export__.uom_uom_22_b15e9a07";"0.0";"2.0";"2.0";"0.0";"2.0"
"__export__.purchase_order_line_6729_249f5b98";"[3277356190] RE PROLATTINA CALIBR. 2x2x1ml";"2020-01-12 14:28:45";"0.0";"l10n_it.1_22a";"26.25";"__export__.product_product_16918_62f69009";"__export__.purchase_order_1007_e3023436";"10";"purchase";"__export__.uom_uom_22_b15e9a07";"0.0";"2.0";"2.0";"0.0";"2.0"
"__export__.purchase_order_line_6814_26963eb7";"[08443459190] RE TSH CALIBR. NEW 2x2x1,3 ml";"2020-02-01 14:28:45";"0.0";"l10n_it.1_22a";"25.2";"__export__.product_product_20803_44a65e2c";"__export__.purchase_order_1007_e3023436";"10";"purchase";"__export__.uom_uom_22_b15e9a07";"0.0";"3.0";"3.0";"0.0";"3.0"
"__export__.purchase_order_line_6823_7e331742";"[3032680122] RE FSH CALIBR. 2x2x1ml";"2020-01-12 14:28:45";"0.0";"l10n_it.1_22a";"26.25";"__export__.product_product_16883_03d6e850";"__export__.purchase_order_1007_e3023436";"10";"purchase";"__export__.uom_uom_22_b15e9a07";"0.0";"1.0";"1.0";"0.0";"1.0"
"__export__.purchase_order_line_6824_aa97c94e";"[6445900190] RE TIREOGLO.CAL.IIgen 2x2x1 ml";"2020-01-12 14:28:45";"0.0";"l10n_it.1_22a";"27.3";"__export__.product_product_16927_b0243d28";"__export__.purchase_order_1007_e3023436";"10";"purchase";"__export__.uom_uom_22_b15e9a07";"0.0";"1.0";"1.0";"0.0";"1.0"
"__export__.purchase_order_line_6563_e0d2af46";"[DID00769] TAMP. UR. C/T. ESWAB KIT B 50T";"2020-01-11 14:29:16";"25.0";"l10n_it.1_22a";"98.75";"__export__.product_product_16032_79be35dc";"__export__.purchase_order_1006_463faec6";"10";"purchase";"__export__.uom_uom_22_b15e9a07";"0.0";"1.0";"1.0";"0.0";"1.0"
"__export__.purchase_order_line_6606_174fb901";"[EIA-4325] ENA PROFILE 8 96 test";"2020-01-11 14:29:06";"0.0";"__export__.account_tax_85_b2b88c9a";"98.5";"__export__.product_product_16754_9ffdbebd";"__export__.purchase_order_1005_de3d6a8e";"10";"purchase";"__export__.uom_uom_22_b15e9a07";"0.0";"1.0";"1.0";"0.0";"1.0"
"__export__.purchase_order_line_6656_d1ff770a";"[EIA-2354] TIPS 96 TEST";"2020-01-21 14:29:06";"0.0";"__export__.account_tax_85_b2b88c9a";"362.0";"__export__.product_product_20940_856722ac";"__export__.purchase_order_1005_de3d6a8e";"11";"purchase";"uom.product_uom_unit";"0.0";"1.0";"1.0";"0.0";"1.0"
"__export__.purchase_order_line_6557_5cea9bfe";"[30202] BV TOXO IGM 60test";"2020-01-11 14:28:59";"0.0";"l10n_it.1_22a";"119.57";"__export__.product_product_16644_68010c04";"__export__.purchase_order_1004_174e2d72";"10";"purchase";"__export__.uom_uom_22_b15e9a07";"0.0";"0.0";"0.0";"0.0";"2.0"
"__export__.purchase_order_line_6682_8989c9b9";"[30204] BV CMV IGG 60test";"2020-01-11 14:28:59";"0.0";"l10n_it.1_22a";"119.57";"__export__.product_product_16618_e91d02fb";"__export__.purchase_order_1004_174e2d72";"10";"purchase";"__export__.uom_uom_22_b15e9a07";"0.0";"0.0";"0.0";"0.0";"1.0"
"__export__.purchase_order_line_6715_3552cf0c";"[105210] RE INSULINA CALIBR.2x2x1ml";"2020-01-11 14:28:59";"0.0";"l10n_it.1_22a";"26.0";"__export__.product_product_16891_afb2a953";"__export__.purchase_order_1004_174e2d72";"10";"purchase";"__export__.uom_uom_22_b15e9a07";"0.0";"1.0";"1.0";"0.0";"1.0"
"__export__.purchase_order_line_6724_9497e4df";"[03302652190] RE B-HCG TOT.CALIBR.2x2x1ml";"2020-01-16 14:28:59";"0.0";"l10n_it.1_22a";"26.0";"__export__.product_product_16862_8e3f34a6";"__export__.purchase_order_1004_174e2d72";"10";"purchase";"__export__.uom_uom_22_b15e9a07";"0.0";"1.0";"1.0";"0.0";"1.0"
"__export__.purchase_order_line_6727_88539edb";"[07560001190] RE FOLATI III NEW CALIBR.2x2x1";"2020-01-16 14:28:59";"0.0";"l10n_it.1_22a";"26.0";"__export__.product_product_16880_d55226c7";"__export__.purchase_order_1004_174e2d72";"10";"purchase";"__export__.uom_uom_22_b15e9a07";"0.0";"1.0";"1.0";"0.0";"1.0"
"__export__.purchase_order_line_6553_930b0f60";"[23090] CEROTTI STERILI 19x72mm 1000pz";"2020-01-11 14:28:54";"75.0";"l10n_it.1_22a";"44.4";"__export__.product_product_17618_033fab87";"__export__.purchase_order_1003_0cecb9ef";"10";"purchase";"__export__.uom_uom_22_b15e9a07";"0.0";"30.0";"30.0";"0.0";"30.0"
"__export__.purchase_order_line_6538_0224c107";"[GA445000] H CREATININA 5x50+5x50ml";"2020-01-11 14:28:42";"0.0";"l10n_it.1_22a";"5.5";"__export__.product_product_15075_d5500643";"__export__.purchase_order_1002_c1a1f32d";"10";"purchase";"__export__.uom_uom_22_b15e9a07";"0.0";"2.0";"2.0";"0.0";"2.0"
"__export__.purchase_order_line_6769_a2118c98";"[GA432300] H CALCIO ARSENAZO 10x50+5ml";"2020-01-11 14:28:42";"0.0";"l10n_it.1_22a";"14.0";"__export__.product_product_15057_8a405c2b";"__export__.purchase_order_1002_c1a1f32d";"10";"purchase";"__export__.uom_uom_22_b15e9a07";"0.0";"2.0";"2.0";"0.0";"2.0"
"__export__.purchase_order_line_6844_705c4ceb";"[GD849400] H TRANSFERRINA 2x20ml";"2020-01-11 14:28:42";"0.0";"l10n_it.1_22a";"30.0";"__export__.product_product_15108_7218e018";"__export__.purchase_order_1002_c1a1f32d";"10";"purchase";"__export__.uom_uom_22_b15e9a07";"0.0";"1.0";"1.0";"0.0";"1.0"
"__export__.purchase_order_line_6851_adf4990e";"[GA440500] H OMOCISTEINA 12,5+1x3,5ml";"2020-01-11 14:28:42";"10.0";"l10n_it.1_22a";"108.0";"__export__.product_product_15102_d567772f";"__export__.purchase_order_1002_c1a1f32d";"10";"purchase";"__export__.uom_uom_22_b15e9a07";"0.0";"2.0";"2.0";"0.0";"2.0"
"__export__.purchase_order_line_6888_09b47106";"[GD5426 00] H HbA1c CALIBRATORE 4X0,5ml";"2020-01-11 14:28:42";"0.0";"l10n_it.1_22a";"33.0";"__export__.product_product_15089_2f7f6c41";"__export__.purchase_order_1002_c1a1f32d";"10";"purchase";"__export__.uom_uom_22_b15e9a07";"0.0";"1.0";"1.0";"0.0";"1.0"
"__export__.purchase_order_line_6904_c35f9935";"[GD5424 00] H HbA1c 30+9,5+0,5 ml";"2020-01-11 14:28:42";"0.0";"l10n_it.1_22a";"118.0";"__export__.product_product_15088_8169dfc2";"__export__.purchase_order_1002_c1a1f32d";"10";"purchase";"__export__.uom_uom_22_b15e9a07";"0.0";"2.0";"2.0";"0.0";"2.0"
"__export__.purchase_order_line_6527_b3d06650";"[MS01283] WELL D-ONE MYCO 10 TEST";"2020-01-11 14:28:40";"0.0";"l10n_it.1_22a";"40.0";"__export__.product_product_15579_66f6622a";"__export__.purchase_order_1001_f7b4f81c";"10";"purchase";"__export__.uom_uom_22_b15e9a07";"0.0";"3.0";"3.0";"0.0";"3.0"
"__export__.purchase_order_line_6976_dcfb277d";"[MS01316] OLIO PARAFFINA 25ml";"2020-01-11 14:28:40";"0.0";"l10n_it.1_22a";"5.0";"__export__.product_product_15576_ff9ba228";"__export__.purchase_order_1001_f7b4f81c";"10";"purchase";"__export__.uom_uom_22_b15e9a07";"0.0";"3.0";"3.0";"0.0";"3.0"
"__export__.purchase_order_line_6524_b656787a";"[153RID] FIBRINOGENO 12 TEST";"2020-01-11 14:28:38";"0.0";"l10n_it.1_22a";"14.37";"__export__.product_product_17428_55b796c7";"__export__.purchase_order_1000_95abc8eb";"10";"purchase";"__export__.uom_uom_22_b15e9a07";"0.0";"1.0";"1.0";"0.0";"1.0"
"__export__.purchase_order_line_6578_7e397556";"[MRD620] APTOGLOBINA 18 test";"2020-01-11 14:28:38";"0.0";"l10n_it.1_22a";"54.05";"__export__.product_product_17416_739e6ae4";"__export__.purchase_order_1000_95abc8eb";"10";"purchase";"__export__.uom_uom_22_b15e9a07";"0.0";"1.0";"1.0";"0.0";"1.0"
"__export__.purchase_order_line_6590_e6cd8e67";"[207005] SERONORM IMM.LIQ.12x3ml LIV.1";"2020-01-11 14:28:38";"0.0";"l10n_it.1_22a";"335.11";"__export__.product_product_18464_1d10e5b4";"__export__.purchase_order_1000_95abc8eb";"10";"purchase";"__export__.uom_uom_22_b15e9a07";"0.0";"1.0";"1.0";"0.0";"1.0"
"__export__.purchase_order_line_6516_28d4299b";"[9051/1] BACITRACIN BA 10UI 50 test";"2020-01-11 14:28:35";"0.0";"l10n_it.1_22a";"3.48";"__export__.product_product_15619_7111dcc8";"__export__.purchase_order_999_8031883d";"10";"purchase";"__export__.uom_uom_22_b15e9a07";"0.0";"5.0";"5.0";"0.0";"5.0"
"__export__.purchase_order_line_6517_db181118";"[10026] CLED AGAR 20 test";"2020-01-11 14:28:35";"58.0";"l10n_it.1_22a";"17.9";"__export__.product_product_15702_e0f08968";"__export__.purchase_order_999_8031883d";"10";"purchase";"__export__.uom_uom_22_b15e9a07";"0.0";"5.0";"5.0";"0.0";"5.0"
"__export__.purchase_order_line_6522_58778350";"[9035/1] NORFLOXACIN NOR 10ug 50 test";"2020-01-11 14:28:35";"0.0";"l10n_it.1_22a";"3.48";"__export__.product_product_15860_d705416b";"__export__.purchase_order_999_8031883d";"10";"purchase";"__export__.uom_uom_22_b15e9a07";"0.0";"5.0";"5.0";"0.0";"5.0"
"__export__.purchase_order_line_6526_a368b94d";"[500232] URINOTUBE CET/CLED/MAC 20 test";"2020-01-11 14:28:35";"0.0";"l10n_it.1_22a";"7.72";"__export__.product_product_16003_72a98dc4";"__export__.purchase_order_999_8031883d";"10";"purchase";"__export__.uom_uom_22_b15e9a07";"0.0";"1.0";"1.0";"0.0";"1.0"
"__export__.purchase_order_line_6528_0e5bd304";"[9105/1] AZITHROMYCIN AZM 15ug 50disc";"2020-01-11 14:28:35";"0.0";"l10n_it.1_22a";"3.48";"__export__.product_product_15615_89eb7127";"__export__.purchase_order_999_8031883d";"10";"purchase";"__export__.uom_uom_22_b15e9a07";"0.0";"5.0";"5.0";"0.0";"5.0"
"__export__.purchase_order_line_6529_9797d94e";"[9024/1] ERYTHROMYCIN E 15ug 50 test";"2020-01-11 14:28:35";"0.0";"l10n_it.1_22a";"3.48";"__export__.product_product_15746_7c8f6029";"__export__.purchase_order_999_8031883d";"10";"purchase";"__export__.uom_uom_22_b15e9a07";"0.0";"5.0";"5.0";"0.0";"5.0"
"__export__.purchase_order_line_6532_2d06a1f0";"[9079/1] IMIPENEM IMI 10ug 50 test";"2020-01-11 14:28:35";"0.0";"l10n_it.1_22a";"3.48";"__export__.product_product_15776_bf5d19c0";"__export__.purchase_order_999_8031883d";"10";"purchase";"__export__.uom_uom_22_b15e9a07";"0.0";"5.0";"5.0";"0.0";"5.0"
"__export__.purchase_order_line_6533_d2864278";"[9004/1] AMIKACIN AK 30ug 50 test";"2020-01-11 14:28:35";"0.0";"l10n_it.1_22a";"3.48";"__export__.product_product_15602_abe705f4";"__export__.purchase_order_999_8031883d";"10";"purchase";"__export__.uom_uom_22_b15e9a07";"0.0";"5.0";"5.0";"0.0";"5.0"
"__export__.purchase_order_line_6534_0b829ba3";"[9019/1] CEFTAZIDIME CAZ 30ug 50 test";"2020-01-11 14:28:35";"0.0";"l10n_it.1_22a";"3.48";"__export__.product_product_15669_d5c4cd1e";"__export__.purchase_order_999_8031883d";"10";"purchase";"__export__.uom_uom_22_b15e9a07";"0.0";"5.0";"5.0";"0.0";"5.0"
"__export__.purchase_order_line_6535_f72d4e50";"[9098/1] CLARITHROMYCIN 15ug 50 test";"2020-01-11 14:28:35";"0.0";"l10n_it.1_22a";"3.48";"__export__.product_product_15701_bcfcd66a";"__export__.purchase_order_999_8031883d";"10";"purchase";"__export__.uom_uom_22_b15e9a07";"0.0";"5.0";"5.0";"0.0";"5.0"
"__export__.purchase_order_line_6536_52a97c86";"[9034/1] NITROFURANTOIN F 300ug 50 test";"2020-01-11 14:28:35";"0.0";"l10n_it.1_22a";"3.48";"__export__.product_product_15859_aeee5d35";"__export__.purchase_order_999_8031883d";"10";"purchase";"__export__.uom_uom_22_b15e9a07";"0.0";"5.0";"5.0";"0.0";"5.0"
"__export__.purchase_order_line_6537_e72ac16d";"[9100/1] PIPERACILLIN+TAZOBACTAM 50test";"2020-01-11 14:28:35";"0.0";"l10n_it.1_22a";"3.48";"__export__.product_product_15894_bf5be32e";"__export__.purchase_order_999_8031883d";"10";"purchase";"__export__.uom_uom_22_b15e9a07";"0.0";"5.0";"5.0";"0.0";"5.0"
"__export__.purchase_order_line_6542_c36648f8";"[10036] S.S. 20 test";"2020-01-11 14:28:35";"58.0";"l10n_it.1_22a";"17.9";"__export__.product_product_15919_8577f29d";"__export__.purchase_order_999_8031883d";"10";"purchase";"__export__.uom_uom_22_b15e9a07";"0.0";"5.0";"5.0";"0.0";"5.0"
"__export__.purchase_order_line_6545_4b40a4c7";"[11611] CHROMATIC DETECTION 20 test";"2020-01-11 14:28:35";"47.0";"l10n_it.1_22a";"33.0";"__export__.product_product_15690_25bb6113";"__export__.purchase_order_999_8031883d";"10";"purchase";"__export__.uom_uom_22_b15e9a07";"0.0";"31.0";"31.0";"0.0";"31.0"
"__export__.purchase_order_line_6546_7cdf3b12";"[11024] COLUMBIA CNA AGAR 20 test";"2020-01-11 14:28:35";"0.0";"l10n_it.1_22a";"6.49";"__export__.product_product_15714_9c13febe";"__export__.purchase_order_999_8031883d";"10";"purchase";"__export__.uom_uom_22_b15e9a07";"0.0";"20.0";"20.0";"0.0";"20.0"
"__export__.purchase_order_line_6547_e9dc3b13";"[11035] SABOURAUD + CAF AGAR 20 test";"2020-01-11 14:28:35";"0.0";"l10n_it.1_22a";"5.57";"__export__.product_product_15923_c279c78c";"__export__.purchase_order_999_8031883d";"10";"purchase";"__export__.uom_uom_22_b15e9a07";"0.0";"20.0";"20.0";"0.0";"20.0"
"__export__.purchase_order_line_6548_259fcd87";"[10030] SALE MANNITE AGAR 20 test";"2020-01-11 14:28:35";"0.0";"l10n_it.1_22a";"5.57";"__export__.product_product_15936_cf8a3007";"__export__.purchase_order_999_8031883d";"10";"purchase";"__export__.uom_uom_22_b15e9a07";"0.0";"20.0";"20.0";"0.0";"20.0"
"__export__.purchase_order_line_6549_fe31f41b";"[10031] MUELLER HINTON AGAR 20 test";"2020-01-11 14:28:35";"0.0";"l10n_it.1_22a";"5.57";"__export__.product_product_15844_54f176ef";"__export__.purchase_order_999_8031883d";"10";"purchase";"__export__.uom_uom_22_b15e9a07";"0.0";"15.0";"15.0";"0.0";"15.0"
"__export__.purchase_order_line_6551_07c853ff";"[10029] MAC CONKEY AGAR 20 test";"2020-01-11 14:28:35";"0.0";"l10n_it.1_22a";"5.57";"__export__.product_product_15813_0cb0db29";"__export__.purchase_order_999_8031883d";"10";"purchase";"__export__.uom_uom_22_b15e9a07";"0.0";"22.0";"22.0";"0.0";"22.0"
"__export__.purchase_order_line_6556_6360e318";"[10057] BILE AESCULINE AGAR 20 test";"2020-01-11 14:28:35";"58.0";"l10n_it.1_22a";"19.5";"__export__.product_product_15631_624af585";"__export__.purchase_order_999_8031883d";"10";"purchase";"__export__.uom_uom_22_b15e9a07";"0.0";"1.0";"1.0";"0.0";"1.0"
"__export__.purchase_order_line_6592_6b85b700";"[11025] COLUMBIA AGAR SHEEP 20 test";"2020-01-11 14:28:35";"0.0";"l10n_it.1_22a";"6.49";"__export__.product_product_15712_e48527a5";"__export__.purchase_order_999_8031883d";"10";"purchase";"__export__.uom_uom_22_b15e9a07";"0.0";"1.0";"1.0";"0.0";"1.0"
"__export__.purchase_order_line_6595_93abb414";"[93013] B.J. KAPPA TOT. 12 test";"2020-01-11 14:28:35";"53.0";"l10n_it.1_22a";"30.0";"__export__.product_product_17444_ce08806d";"__export__.purchase_order_999_8031883d";"10";"purchase";"__export__.uom_uom_22_b15e9a07";"0.0";"1.0";"1.0";"0.0";"1.0"
"__export__.purchase_order_line_6597_794ace7e";"[93104] IGA-IGG-IGM MULTIPLATE 4x3test";"2020-01-11 14:28:35";"53.0";"l10n_it.1_22a";"27.0";"__export__.product_product_17451_39267355";"__export__.purchase_order_999_8031883d";"10";"purchase";"__export__.uom_uom_22_b15e9a07";"0.0";"1.0";"1.0";"0.0";"1.0"
"__export__.purchase_order_line_6599_f6689505";"[93006] TRANSFERRINA 1X12 TEST";"2020-01-11 14:28:35";"53.0";"l10n_it.1_22a";"27.0";"__export__.product_product_17454_2cdc80c3";"__export__.purchase_order_999_8031883d";"10";"purchase";"__export__.uom_uom_22_b15e9a07";"0.0";"2.0";"2.0";"0.0";"2.0"
"__export__.purchase_order_line_6664_51c6d143";"[93106] C3/C4 MULTIPLATE 6x2test";"2020-01-11 14:28:35";"53.0";"l10n_it.1_22a";"27.0";"__export__.product_product_17447_06df25ad";"__export__.purchase_order_999_8031883d";"10";"purchase";"__export__.uom_uom_22_b15e9a07";"0.0";"1.0";"1.0";"0.0";"1.0"
"__export__.purchase_order_line_6668_b001e275";"[9006/1] AMPICILLIN AMP 10ug 50 test";"2020-01-11 14:28:35";"0.0";"l10n_it.1_22a";"3.48";"__export__.product_product_15607_0e3474eb";"__export__.purchase_order_999_8031883d";"10";"purchase";"__export__.uom_uom_22_b15e9a07";"0.0";"5.0";"5.0";"0.0";"5.0"
"__export__.purchase_order_line_6674_eb8eee4e";"[9068/1] MEROPENEM MRP 10ug 50 test";"2020-01-11 14:28:35";"0.0";"l10n_it.1_22a";"3.48";"__export__.product_product_15830_719ac210";"__export__.purchase_order_999_8031883d";"10";"purchase";"__export__.uom_uom_22_b15e9a07";"0.0";"5.0";"5.0";"0.0";"5.0"
"__export__.purchase_order_line_6675_c30ebb65";"[9017/1] CEFOTAXIME CTX 30ug 50 test";"2020-01-11 14:28:35";"0.0";"l10n_it.1_22a";"3.48";"__export__.product_product_15662_15095014";"__export__.purchase_order_999_8031883d";"10";"purchase";"__export__.uom_uom_22_b15e9a07";"0.0";"5.0";"5.0";"0.0";"5.0"
"__export__.purchase_order_line_6680_f5e0f337";"[490020] HEMO ANAEROBIC CULTURE 6flx80m";"2020-01-11 14:28:35";"40.0";"l10n_it.1_22a";"41.1";"__export__.product_product_15775_8c75cf07";"__export__.purchase_order_999_8031883d";"10";"purchase";"__export__.uom_uom_22_b15e9a07";"0.0";"3.0";"3.0";"0.0";"3.0"
"__export__.purchase_order_line_6566_88e568fb";"[117283] PATHOGENIC SYSTEM (20 Test)";"2020-01-11 14:28:35";"35.0";"l10n_it.1_22a";"140.0";"__export__.product_product_20905_1b76a727";"__export__.purchase_order_999_8031883d";"11";"purchase";"uom.product_uom_unit";"0.0";"0.0";"0.0";"0.0";"0.0"
"__export__.purchase_order_line_6500_7736c941";"[802039] ANTI D MONOCLANALE 10ml";"2020-01-15 14:28:43";"0.0";"l10n_it.1_22a";"20.66";"__export__.product_product_17462_8a7e6c96";"__export__.purchase_order_996_5cb95d92";"10";"purchase";"__export__.uom_uom_22_b15e9a07";"0.0";"10.0";"10.0";"0.0";"10.0"
"__export__.purchase_order_line_6619_e08f2b5e";"[801345] ANTI B MONOCLONALE 10ml";"2020-01-15 14:28:43";"0.0";"l10n_it.1_22a";"4.39";"__export__.product_product_17459_e0bcd4dc";"__export__.purchase_order_996_5cb95d92";"11";"purchase";"__export__.uom_uom_22_b15e9a07";"0.0";"5.0";"5.0";"0.0";"5.0"
"__export__.purchase_order_line_6497_4aa33e48";"[450070] GR ADATT. LUER STERILE 6000pz";"2020-01-10 14:28:41";"0.0";"l10n_it.1_22a";"324.0";"__export__.product_product_17972_dc626e97";"__export__.purchase_order_995_07d436c5";"10";"purchase";"__export__.uom_uom_22_b15e9a07";"0.0";"5.0";"5.0";"0.0";"5.0"
"__export__.purchase_order_line_6569_f3b734ef";"[454086] GR K3EDTA 3ml LAV.13x75 1200pz";"2020-01-10 14:28:41";"0.0";"l10n_it.1_22a";"63.6";"__export__.product_product_17998_13502094";"__export__.purchase_order_995_07d436c5";"10";"purchase";"__export__.uom_uom_22_b15e9a07";"0.0";"45.0";"45.0";"0.0";"45.0"
"__export__.purchase_order_line_6643_f418e463";"[454327] GR NaCi3,2% 3,5ml 13x75 1200pz";"2020-01-10 14:28:41";"0.0";"l10n_it.1_22a";"78.0";"__export__.product_product_18007_e013ab01";"__export__.purchase_order_995_07d436c5";"10";"purchase";"__export__.uom_uom_22_b15e9a07";"0.0";"15.0";"15.0";"0.0";"15.0"
"__export__.purchase_order_line_6658_e4f89aa1";"[450082] GR AGO FAR 23G SIC+LUER 1000pz";"2020-01-10 14:28:41";"0.0";"l10n_it.1_22a";"285.0";"__export__.product_product_17978_fa4f3c6a";"__export__.purchase_order_995_07d436c5";"10";"purchase";"__export__.uom_uom_22_b15e9a07";"0.0";"1.0";"1.0";"0.0";"1.0"
"__export__.purchase_order_line_6490_18da7118";"[020354-S] T CEA CALIBR 2X1ml";"2020-01-10 14:28:35";"30.0";"l10n_it.1_22a";"19.66";"__export__.product_product_17092_bd8bc6ae";"__export__.purchase_order_994_73fb7703";"10";"purchase";"__export__.uom_uom_22_b15e9a07";"0.0";"2.0";"2.0";"0.0";"2.0"
"__export__.purchase_order_line_6521_459d4368";"[19554] T G7 TAMPONE 3 800ml";"2020-01-10 14:28:35";"30.0";"l10n_it.1_22a";"72.45";"__export__.product_product_18520_1e0e2645";"__export__.purchase_order_994_73fb7703";"10";"purchase";"__export__.uom_uom_22_b15e9a07";"0.0";"1.0";"1.0";"0.0";"1.0"
"__export__.purchase_order_line_6575_2e639846";"[25232-20] T D-DIMERO 20 TEST";"2020-01-10 14:28:35";"30.0";"l10n_it.1_22a";"40.0";"__export__.product_product_17104_6d9a25a9";"__export__.purchase_order_994_73fb7703";"10";"purchase";"__export__.uom_uom_22_b15e9a07";"0.0";"10.0";"10.0";"0.0";"10.0"
"__export__.purchase_order_line_6576_e42e511b";"[025287-20] T CORTISOLO 20 test";"2020-01-10 14:28:35";"30.0";"l10n_it.1_22a";"22.4";"__export__.product_product_17099_13ada5b8";"__export__.purchase_order_994_73fb7703";"10";"purchase";"__export__.uom_uom_22_b15e9a07";"0.0";"10.0";"10.0";"0.0";"10.0"
"__export__.purchase_order_line_6582_2fa26e87";"[020502-F] T 27.29(CA15.3)SET DIL 1x100ml";"2020-01-10 14:28:35";"30.0";"l10n_it.1_22a";"25.12";"__export__.product_product_17075_824810ad";"__export__.purchase_order_994_73fb7703";"10";"purchase";"__export__.uom_uom_25_f80d9473";"0.0";"4.0";"4.0";"0.0";"4.0"
"__export__.purchase_order_line_6583_e2cc1866";"[025228-20] T BNP 20 test";"2020-01-10 14:28:35";"30.0";"l10n_it.1_22a";"132.4";"__export__.product_product_17088_a13a9b12";"__export__.purchase_order_994_73fb7703";"10";"purchase";"__export__.uom_uom_22_b15e9a07";"0.0";"5.0";"5.0";"0.0";"5.0"
"__export__.purchase_order_line_6591_8db1cad2";"[025383-S] T C-PEPTITE II CALIBR 6x1ml";"2020-01-10 14:28:35";"30.0";"l10n_it.1_22a";"58.97";"__export__.product_product_17103_929ff047";"__export__.purchase_order_994_73fb7703";"10";"purchase";"__export__.uom_uom_22_b15e9a07";"0.0";"2.0";"2.0";"0.0";"2.0"
"__export__.purchase_order_line_6593_81270618";"[025326-S] T OMOCISTEINA CALIBR.1x6x1ml";"2020-01-10 14:28:35";"30.0";"l10n_it.1_22a";"55.65";"__export__.product_product_17138_8d295b0a";"__export__.purchase_order_994_73fb7703";"10";"purchase";"__export__.uom_uom_22_b15e9a07";"0.0";"4.0";"4.0";"0.0";"4.0"
"__export__.purchase_order_line_6633_66cf843e";"[025332-S] T D-DIMERO CALIBRATORE 6x1x1ml";"2020-01-10 14:28:35";"30.0";"l10n_it.1_22a";"50.0";"__export__.product_product_17105_34b3f435";"__export__.purchase_order_994_73fb7703";"10";"purchase";"__export__.uom_uom_22_b15e9a07";"0.0";"2.0";"2.0";"0.0";"2.0"
"__export__.purchase_order_line_6637_c91d3467";"[20706] T VITAMINA B12 PRETRATT 6x5ml";"2020-01-10 14:28:35";"30.0";"l10n_it.1_22a";"65.52";"__export__.product_product_17185_896689f4";"__export__.purchase_order_994_73fb7703";"10";"purchase";"__export__.uom_uom_22_b15e9a07";"0.0";"1.0";"1.0";"0.0";"1.0"
"__export__.purchase_order_line_6648_74001cb5";"[21849-1] T G8 BUFFER HSi N.1";"2020-01-10 14:28:35";"0.0";"l10n_it.1_22a";"57.33";"__export__.product_product_18525_b9dc7620";"__export__.purchase_order_994_73fb7703";"10";"purchase";"__export__.uom_uom_22_b15e9a07";"0.0";"1.0";"1.0";"0.0";"1.0"
"__export__.purchase_order_line_6649_c77ada16";"[21850-1] T G8 BUFFER HSi N.2";"2020-01-10 14:28:35";"0.0";"l10n_it.1_22a";"57.33";"__export__.product_product_18526_362dfa8c";"__export__.purchase_order_994_73fb7703";"10";"purchase";"__export__.uom_uom_22_b15e9a07";"0.0";"1.0";"1.0";"0.0";"1.0"
"__export__.purchase_order_line_6650_66bb2904";"[21851-1] T G8 BUFFER HSi N.3";"2020-01-10 14:28:35";"0.0";"l10n_it.1_22a";"57.33";"__export__.product_product_18527_1bf4e71d";"__export__.purchase_order_994_73fb7703";"10";"purchase";"__export__.uom_uom_22_b15e9a07";"0.0";"1.0";"1.0";"0.0";"1.0"
"__export__.purchase_order_line_6662_7c37a76a";"[025268-20] T FT4 20 test";"2020-01-10 14:28:35";"30.0";"l10n_it.1_22a";"16.8";"__export__.product_product_17123_17b197c9";"__export__.purchase_order_994_73fb7703";"10";"purchase";"__export__.uom_uom_22_b15e9a07";"0.0";"50.0";"50.0";"0.0";"50.0"
"__export__.purchase_order_line_6690_6f4ed166";"[25734] T VITAMINA D PRETRATTAM.6x5ml";"2020-01-10 14:28:35";"30.0";"l10n_it.1_22a";"65.0";"__export__.product_product_17188_71d955c6";"__export__.purchase_order_994_73fb7703";"10";"purchase";"__export__.uom_uom_22_b15e9a07";"0.0";"1.0";"1.0";"0.0";"1.0"
"__export__.purchase_order_line_6691_499163c4";"[025253-20] T FERRITINA 20 test";"2020-01-10 14:28:35";"30.0";"l10n_it.1_22a";"18.2";"__export__.product_product_17114_e412e851";"__export__.purchase_order_994_73fb7703";"10";"purchase";"__export__.uom_uom_22_b15e9a07";"0.0";"50.0";"50.0";"0.0";"50.0"
"__export__.purchase_order_line_6694_3cb7398f";"[025222-20] T DHEA S 20 test";"2020-01-10 14:28:35";"30.0";"l10n_it.1_22a";"41.2";"__export__.product_product_17108_0d750185";"__export__.purchase_order_994_73fb7703";"10";"purchase";"__export__.uom_uom_22_b15e9a07";"0.0";"5.0";"5.0";"0.0";"5.0"
"__export__.purchase_order_line_6696_804ab1c5";"[025285-20] T SLA (CA19.9) 20test";"2020-01-10 14:28:35";"30.0";"l10n_it.1_22a";"34.6";"__export__.product_product_17161_dbc481a9";"__export__.purchase_order_994_73fb7703";"10";"purchase";"__export__.uom_uom_22_b15e9a07";"0.0";"5.0";"5.0";"0.0";"5.0"
"__export__.purchase_order_line_6697_5e61d5e9";"[025213-20] T PTH 20test";"2020-01-10 14:28:35";"30.0";"l10n_it.1_22a";"45.0";"__export__.product_product_17153_5623795c";"__export__.purchase_order_994_73fb7703";"10";"purchase";"__export__.uom_uom_22_b15e9a07";"0.0";"10.0";"10.0";"0.0";"10.0"
"__export__.purchase_order_line_6477_7f465636";"[80293] GRAM COLOR KIT 4x250ml";"2020-01-10 14:28:28";"30.0";"l10n_it.1_22a";"54.1";"__export__.product_product_15768_a1c70897";"__export__.purchase_order_992_cc2b8d18";"10";"purchase";"__export__.uom_uom_22_b15e9a07";"0.0";"1.0";"1.0";"0.0";"1.0"
"__export__.purchase_order_line_6491_87d7412c";"[76010] SENSI TEST GRAM NEGAT. 20 test";"2020-01-10 14:28:28";"35.0";"l10n_it.1_22a";"76.8";"__export__.product_product_15945_13a0502c";"__export__.purchase_order_992_cc2b8d18";"10";"purchase";"__export__.uom_uom_22_b15e9a07";"0.0";"1.0";"1.0";"0.0";"1.0"
"__export__.purchase_order_line_6501_f2cd99db";"[10030] SALE MANNITE AGAR 20 test";"2020-01-10 14:28:28";"0.0";"l10n_it.1_22a";"5.57";"__export__.product_product_15936_cf8a3007";"__export__.purchase_order_992_cc2b8d18";"10";"purchase";"__export__.uom_uom_22_b15e9a07";"0.0";"5.0";"5.0";"0.0";"5.0"
"__export__.purchase_order_line_6504_2e94d8ff";"[10057] BILE AESCULINE AGAR 20 test";"2020-01-10 14:28:28";"58.0";"l10n_it.1_22a";"19.5";"__export__.product_product_15631_624af585";"__export__.purchase_order_992_cc2b8d18";"10";"purchase";"__export__.uom_uom_22_b15e9a07";"0.0";"1.0";"1.0";"0.0";"1.0"
"__export__.purchase_order_line_6512_fa39a783";"[18338] TAVOLO APPOGGIO STRUMENTI 140X90X88H";"2020-01-15 13:45:16";"0.0";"l10n_it.1_22a";"444.5";"__export__.product_product_20937_4dd98a38";"__export__.purchase_order_998_7ebaf8a3";"10";"purchase";"uom.product_uom_unit";"0.0";"1.0";"1.0";"0.0";"1.0"
"__export__.purchase_order_line_6511_0bea45c6";"[2101] EL ELETTRODO K";"2020-01-10 10:12:51";"0.0";"l10n_it.1_22a";"0.0";"__export__.product_product_17514_e9f6fefb";"__export__.purchase_order_997_25ae9796";"10";"purchase";"uom.product_uom_unit";"0.0";"0.0";"0.0";"1.0";"1.0"
"__export__.purchase_order_line_6580_3f7f8e04";"[ABS131HP] PIPETTA 1CH MEC V/V 40-200ul";"2020-01-09 15:55:06";"0.0";"l10n_it.1_22a";"70.7";"__export__.product_product_18150_78356891";"__export__.purchase_order_991_1c59dcda";"10";"purchase";"__export__.uom_uom_22_b15e9a07";"0.0";"2.0";"2.0";"0.0";"2.0"
"__export__.purchase_order_line_6581_c9a9cec9";"[ABS129HP] PIPETTA 1CH MEC V/V 5-50ul";"2020-01-09 15:55:06";"0.0";"l10n_it.1_22a";"70.7";"__export__.product_product_18154_9f9b11b6";"__export__.purchase_order_991_1c59dcda";"10";"purchase";"__export__.uom_uom_22_b15e9a07";"0.0";"2.0";"2.0";"0.0";"2.0"
"__export__.purchase_order_line_6612_f2b1980e";"[BSV134/500] PIPETTE PASTEUR 1ml 500pz";"2020-01-09 15:55:06";"0.0";"l10n_it.1_22a";"5.5";"__export__.product_product_17664_67ff69ed";"__export__.purchase_order_991_1c59dcda";"10";"purchase";"__export__.uom_uom_22_b15e9a07";"0.0";"3.0";"3.0";"0.0";"3.0"
"__export__.purchase_order_line_6530_dd6d4fcf";"[128141] FL AGO FARF. 21G VERDE 1000pz";"2020-01-09 15:54:56";"0.0";"l10n_it.1_22a";"74.6";"__export__.product_product_17783_398602fe";"__export__.purchase_order_990_04cd1a08";"10";"purchase";"__export__.uom_uom_22_b15e9a07";"0.0";"7.0";"7.0";"0.0";"7.0"
"__export__.purchase_order_line_6531_099d9896";"[45323] FL AGO FARFALLA 23G AZZURRO 1000 PZ";"2020-01-19 15:54:56";"0.0";"l10n_it.1_22a";"74.6";"__export__.product_product_17785_88fba579";"__export__.purchase_order_990_04cd1a08";"10";"purchase";"__export__.uom_uom_22_b15e9a07";"0.0";"2.0";"2.0";"0.0";"2.0"
"__export__.purchase_order_line_6588_0b5b9a4b";"[42508] FL NaCi3,2% 1,6ml NERO 1200pz";"2020-01-09 15:54:56";"0.0";"l10n_it.1_22a";"69.96";"__export__.product_product_17818_e66dea9d";"__export__.purchase_order_990_04cd1a08";"10";"purchase";"__export__.uom_uom_22_b15e9a07";"0.0";"1.0";"1.0";"0.0";"1.0"
"__export__.purchase_order_line_6622_be03be05";"[42480] FL NaCi3,8% 1,8ml AZZUR 1200pz";"2020-01-09 15:54:56";"0.0";"l10n_it.1_22a";"66.24";"__export__.product_product_17822_6e213677";"__export__.purchase_order_990_04cd1a08";"11";"purchase";"__export__.uom_uom_22_b15e9a07";"0.0";"1.0";"1.0";"0.0";"1.0"
"__export__.purchase_order_line_6639_7b1fa6cb";"[2814] EL KIT QC 2 LIV (A & N) 2x10ml";"2020-01-09 15:54:54";"0.0";"l10n_it.1_22a";"25.03";"__export__.product_product_17520_f4823bea";"__export__.purchase_order_989_77be7119";"10";"purchase";"__export__.uom_uom_22_b15e9a07";"0.0";"2.0";"2.0";"0.0";"2.0"
"__export__.purchase_order_line_7010_9fc989a7";"[S2015] EASY LYTE NA/K/Li";"2020-01-09 15:54:54";"0.0";"l10n_it.1_22a";"2121.8";"__export__.product_product_19783_b80fc02e";"__export__.purchase_order_989_77be7119";"11";"purchase";"uom.product_uom_unit";"0.0";"1.0";"1.0";"0.0";"1.0"
"__export__.purchase_order_line_6470_e9b8b02f";"[481110] CHROMATIC CANDIDA 6x100ml";"2020-01-09 15:54:48";"40.0";"l10n_it.1_22a";"70.0";"__export__.product_product_15684_22de15f5";"__export__.purchase_order_988_41bb56df";"10";"purchase";"__export__.uom_uom_22_b15e9a07";"0.0";"1.0";"1.0";"0.0";"1.0"
"__export__.purchase_order_line_6473_1c2f24d6";"[402290] SALE MANNITE 6x100ml";"2020-01-09 15:54:48";"40.0";"l10n_it.1_22a";"23.8";"__export__.product_product_15933_871628d8";"__export__.purchase_order_988_41bb56df";"10";"purchase";"__export__.uom_uom_22_b15e9a07";"0.0";"1.0";"1.0";"0.0";"1.0"
"__export__.purchase_order_line_6474_0521c26c";"[9084/1] SULFAMETHOXAZOLE 50ug 50 test";"2020-01-09 15:54:48";"40.0";"l10n_it.1_22a";"7.0";"__export__.product_product_15964_745a5ea0";"__export__.purchase_order_988_41bb56df";"10";"purchase";"__export__.uom_uom_22_b15e9a07";"0.0";"1.0";"1.0";"0.0";"1.0"
"__export__.purchase_order_line_6513_4e9002b9";"[I-552] ANTI GLIADIN DEAMID.IgA 96test";"2020-01-09 15:54:33";"0.0";"l10n_it.1_22a";"135.0";"__export__.product_product_16658_6c83cda8";"__export__.purchase_order_986_2b1ebc72";"10";"purchase";"__export__.uom_uom_22_b15e9a07";"0.0";"2.0";"2.0";"0.0";"2.0"
"__export__.purchase_order_line_6514_a654bb2e";"[I-551] ANTI GLIADIN DEAMID.IgG 96test";"2020-01-09 15:54:33";"0.0";"l10n_it.1_22a";"135.0";"__export__.product_product_16659_85de1668";"__export__.purchase_order_986_2b1ebc72";"10";"purchase";"__export__.uom_uom_22_b15e9a07";"0.0";"2.0";"2.0";"0.0";"2.0"
"__export__.purchase_order_line_6515_1178fb38";"[I-527D] ANTITRANSGLUT. IgG 96 test";"2020-01-09 15:54:33";"0.0";"l10n_it.1_22a";"140.0";"__export__.product_product_16662_f5ce8eb4";"__export__.purchase_order_986_2b1ebc72";"10";"purchase";"__export__.uom_uom_22_b15e9a07";"0.0";"2.0";"2.0";"0.0";"2.0"
"__export__.purchase_order_line_6518_579e9f7c";"[HD-015] TESTOSTERONE FREE 96 tests";"2020-01-09 15:54:33";"0.0";"l10n_it.1_22a";"100.0";"__export__.product_product_16717_b6c1ecd1";"__export__.purchase_order_986_2b1ebc72";"10";"purchase";"__export__.uom_uom_22_b15e9a07";"0.0";"1.0";"1.0";"0.0";"1.0"
"__export__.purchase_order_line_6519_c4ec17b4";"[967835] HERPES SIMPLEX 1+2 IgM 96 test";"2020-01-09 15:54:33";"0.0";"l10n_it.1_22a";"80.0";"__export__.product_product_16695_a8067d7b";"__export__.purchase_order_986_2b1ebc72";"10";"purchase";"__export__.uom_uom_22_b15e9a07";"0.0";"2.0";"2.0";"0.0";"2.0"
"__export__.purchase_order_line_6520_2cb99b77";"[251-035B] MAGO PROBE CLEANING 1x60ml";"2020-01-09 15:54:33";"0.0";"l10n_it.1_22a";"0.0";"__export__.product_product_16706_1a91a0f1";"__export__.purchase_order_986_2b1ebc72";"10";"purchase";"__export__.uom_uom_22_b15e9a07";"0.0";"2.0";"2.0";"0.0";"2.0"
"__export__.purchase_order_line_6552_a0028996";"[I-528D] ANTITRANSGLUT. IGA 96 test";"2020-01-09 15:54:33";"0.0";"l10n_it.1_22a";"140.0";"__export__.product_product_16661_31d381fe";"__export__.purchase_order_986_2b1ebc72";"10";"purchase";"__export__.uom_uom_22_b15e9a07";"0.0";"2.0";"2.0";"0.0";"2.0"
"__export__.purchase_order_line_6554_c31749a0";"[HD-004] 17 ALFA OH PROGESTER. 96 test";"2020-01-09 15:54:33";"0.0";"l10n_it.1_22a";"78.0";"__export__.product_product_16651_f1a65f01";"__export__.purchase_order_986_2b1ebc72";"10";"purchase";"__export__.uom_uom_22_b15e9a07";"0.0";"1.0";"1.0";"0.0";"1.0"
"__export__.purchase_order_line_6555_28b4c9db";"[HD-008] ANDROSTENEDIONE 96 test";"2020-01-09 15:54:33";"0.0";"l10n_it.1_22a";"78.0";"__export__.product_product_16654_2fb3111b";"__export__.purchase_order_986_2b1ebc72";"10";"purchase";"__export__.uom_uom_22_b15e9a07";"0.0";"1.0";"1.0";"0.0";"1.0"
"__export__.purchase_order_line_6559_e371776d";"[AL-105i] ANTIMULLERIAN AMH 96 TEST";"2020-01-09 15:54:33";"0.0";"l10n_it.1_22a";"680.0";"__export__.product_product_16679_19ea900e";"__export__.purchase_order_986_2b1ebc72";"10";"purchase";"__export__.uom_uom_22_b15e9a07";"0.0";"1.0";"1.0";"0.0";"1.0"
"__export__.purchase_order_line_6565_7f1c7887";"[TRE/96/3A] TSH RECEPTOR AUTO Ab ELISA 96T";"2020-01-09 15:54:33";"0.0";"l10n_it.1_22a";"345.0";"__export__.product_product_16788_465934e1";"__export__.purchase_order_986_2b1ebc72";"10";"purchase";"__export__.uom_uom_22_b15e9a07";"0.0";"1.0";"1.0";"0.0";"1.0"
"__export__.purchase_order_line_6621_edd88496";"[DB-4704] H.PYLORI IgG 96 test";"2020-01-09 15:54:33";"0.0";"l10n_it.1_22a";"210.0";"__export__.product_product_16680_11fd386b";"__export__.purchase_order_986_2b1ebc72";"11";"purchase";"__export__.uom_uom_22_b15e9a07";"0.0";"1.0";"1.0";"0.0";"1.0"
"__export__.purchase_order_line_6450_0d42068d";"[367955] SVBD SIERO 5ml GIAL/ROS.100p";"2020-01-14 14:31:24";"0.0";"l10n_it.1_22a";"11.8";"__export__.product_product_17629_79aa3d39";"__export__.purchase_order_984_7b8d4e3c";"10";"purchase";"__export__.uom_uom_22_b15e9a07";"0.0";"60.0";"60.0";"0.0";"60.0"
"__export__.purchase_order_line_6436_ce98e6d6";"[GOOA] ANTI A MONOCLONALE 10ml";"2020-01-09 14:31:15";"0.0";"l10n_it.1_22a";"3.54";"__export__.product_product_17470_3dd5cea7";"__export__.purchase_order_983_df2185e3";"10";"purchase";"__export__.uom_uom_22_b15e9a07";"0.0";"10.0";"10.0";"0.0";"10.0"
"__export__.purchase_order_line_6465_88ff5739";"[ICHR095] IC HCG1 25t.range 5-50000";"2020-01-09 14:31:15";"0.0";"l10n_it.1_22a";"56.6";"__export__.product_product_17375_143eadac";"__export__.purchase_order_983_df2185e3";"10";"purchase";"__export__.uom_uom_22_b15e9a07";"0.0";"2.0";"2.0";"0.0";"2.0"
"__export__.purchase_order_line_6480_91b6dcd3";"[ICHR100] IC PSA 25 test";"2020-01-09 14:31:15";"0.0";"l10n_it.1_22a";"52.7";"__export__.product_product_17384_ebd551f3";"__export__.purchase_order_983_df2185e3";"10";"purchase";"__export__.uom_uom_22_b15e9a07";"0.0";"2.0";"2.0";"0.0";"2.0"
"__export__.purchase_order_line_6492_f44f1b55";"[GOOB] ANTI B MONOCLONALE 10ml";"2020-01-09 14:31:15";"0.0";"l10n_it.1_22a";"3.54";"__export__.product_product_17472_2eafe441";"__export__.purchase_order_983_df2185e3";"10";"purchase";"__export__.uom_uom_22_b15e9a07";"0.0";"10.0";"10.0";"0.0";"10.0"
"__export__.purchase_order_line_6523_f800613b";"[GOOD] ANTI D MONOCLONALE 10ml";"2020-01-09 14:31:15";"0.0";"l10n_it.1_22a";"14.72";"__export__.product_product_17473_fdc455c5";"__export__.purchase_order_983_df2185e3";"10";"purchase";"__export__.uom_uom_22_b15e9a07";"0.0";"1.0";"1.0";"0.0";"1.0"
"__export__.purchase_order_line_6615_7c558244";"[ICHR150] IC D DIMERO 25 test";"2020-01-09 14:31:15";"0.0";"l10n_it.1_22a";"0.0";"__export__.product_product_17368_da68ecff";"__export__.purchase_order_983_df2185e3";"11";"purchase";"__export__.uom_uom_22_b15e9a07";"0.0";"2.0";"2.0";"0.0";"2.0"
"__export__.purchase_order_line_6616_0cf3b50c";"[ICHR150] IC D DIMERO 25 test";"2020-01-09 14:31:15";"0.0";"l10n_it.1_22a";"71.5";"__export__.product_product_17368_da68ecff";"__export__.purchase_order_983_df2185e3";"12";"purchase";"__export__.uom_uom_22_b15e9a07";"0.0";"8.0";"8.0";"2.0";"10.0"
"__export__.purchase_order_line_6617_56cb305f";"[ICHR020] IC MICROALBUMINURIA 25 test";"2020-01-09 14:31:15";"0.0";"l10n_it.1_22a";"44.5";"__export__.product_product_17378_09bdd196";"__export__.purchase_order_983_df2185e3";"13";"purchase";"__export__.uom_uom_22_b15e9a07";"0.0";"1.0";"1.0";"0.0";"1.0"
"__export__.purchase_order_line_6618_0fe5143d";"[ICHR080N] IC HbA1c 25 test";"2020-01-09 14:31:15";"0.0";"l10n_it.1_22a";"53.0";"__export__.product_product_17373_368b3521";"__export__.purchase_order_983_df2185e3";"14";"purchase";"__export__.uom_uom_22_b15e9a07";"0.0";"1.0";"1.0";"0.0";"1.0"
"__export__.purchase_order_line_6434_75abb5d0";"[93001] IgG 12 test";"2020-01-09 14:31:14";"53.0";"l10n_it.1_22a";"24.0";"__export__.product_product_17452_24c974ac";"__export__.purchase_order_982_33492e61";"10";"purchase";"__export__.uom_uom_22_b15e9a07";"0.0";"1.0";"1.0";"0.0";"1.0"
"__export__.purchase_order_line_6435_87bb1170";"[93003] IgM 12 test";"2020-01-09 14:31:14";"53.0";"l10n_it.1_22a";"24.0";"__export__.product_product_17453_e471ebd7";"__export__.purchase_order_982_33492e61";"10";"purchase";"__export__.uom_uom_22_b15e9a07";"0.0";"1.0";"1.0";"0.0";"1.0"
"__export__.purchase_order_line_4786_12b75e92";"[025324-S] T ESTRADIOLO CALIB 6x1ml";"2019-11-09 14:28:39";"30.0";"l10n_it.1_22a";"50.23";"__export__.product_product_17112_77167028";"__export__.purchase_order_666_cd51eb19";"10";"purchase";"__export__.uom_uom_22_b15e9a07";"0.0";"1.0";"1.0";"0.0";"1.0"
"__export__.purchase_order_line_4792_c48739cd";"[20970] T  COPPETTE STANDARDIZ.200pz";"2019-11-09 14:28:39";"30.0";"l10n_it.1_22a";"44.77";"__export__.product_product_18230_62db8117";"__export__.purchase_order_666_cd51eb19";"10";"purchase";"__export__.uom_uom_22_b15e9a07";"0.0";"6.0";"6.0";"0.0";"6.0"
"__export__.purchase_order_line_4798_8c5c1d10";"[025224-20] T ESTRADIOLO 20 test";"2019-11-09 14:28:39";"30.0";"l10n_it.1_22a";"17.8";"__export__.product_product_17111_872b36de";"__export__.purchase_order_666_cd51eb19";"10";"purchase";"__export__.uom_uom_22_b15e9a07";"0.0";"20.0";"20.0";"0.0";"20.0"
"__export__.purchase_order_line_4800_c3fa632b";"[0025240-20] T PROGESTERONE III 20 TEST";"2019-11-09 14:28:39";"30.0";"l10n_it.1_22a";"17.8";"__export__.product_product_18890_f3c1d1bd";"__export__.purchase_order_666_cd51eb19";"10";"purchase";"__export__.uom_uom_22_b15e9a07";"0.0";"5.0";"5.0";"0.0";"10.0"
"__export__.purchase_order_line_4818_07f94690";"[0025340-S] T PROGESTERONE III CALIB.6X1m";"2019-11-09 14:28:39";"30.0";"l10n_it.1_22a";"50.23";"__export__.product_product_18891_f3395632";"__export__.purchase_order_666_cd51eb19";"10";"purchase";"__export__.uom_uom_22_b15e9a07";"0.0";"1.0";"1.0";"0.0";"1.0"
"__export__.purchase_order_line_4821_51289a29";"[025202-20] T 27.29 (CA15.3) 20 test";"2019-11-09 14:28:39";"30.0";"l10n_it.1_22a";"50.2";"__export__.product_product_17073_a1a30c3b";"__export__.purchase_order_666_cd51eb19";"10";"purchase";"__export__.uom_uom_22_b15e9a07";"0.0";"5.0";"5.0";"0.0";"5.0"
"__export__.purchase_order_line_4822_b09e273c";"[025285-20] T SLA (CA19.9) 20test";"2019-11-09 14:28:39";"30.0";"l10n_it.1_22a";"34.6";"__export__.product_product_17161_dbc481a9";"__export__.purchase_order_666_cd51eb19";"10";"purchase";"__export__.uom_uom_22_b15e9a07";"0.0";"5.0";"5.0";"0.0";"5.0"
"__export__.purchase_order_line_4824_5e65f8f9";"[025213-20] T PTH 20test";"2019-11-09 14:28:39";"30.0";"l10n_it.1_22a";"45.0";"__export__.product_product_17153_5623795c";"__export__.purchase_order_666_cd51eb19";"10";"purchase";"__export__.uom_uom_22_b15e9a07";"0.0";"10.0";"10.0";"0.0";"10.0"
"__export__.purchase_order_line_4837_1c02a61f";"[020955-1] T  SOLUZ. LAVAGGIO 1x100ml";"2019-11-09 14:28:39";"30.0";"l10n_it.1_22a";"12.01";"__export__.product_product_17071_2a7dd3c8";"__export__.purchase_order_666_cd51eb19";"10";"purchase";"__export__.uom_uom_25_f80d9473";"0.0";"40.0";"40.0";"0.0";"40.0"
"__export__.purchase_order_line_4838_ee5e7c42";"[025294-20] T TSH 3G 20test";"2019-11-09 14:28:39";"30.0";"l10n_it.1_22a";"12.4";"__export__.product_product_17181_1d0ea34c";"__export__.purchase_order_666_cd51eb19";"10";"purchase";"__export__.uom_uom_22_b15e9a07";"0.0";"50.0";"50.0";"0.0";"50.0"
"__export__.purchase_order_line_4839_7dcbff9c";"[020968-1] T  SUBSTRATO II 1x100ml+1LIO";"2019-11-09 14:28:39";"30.0";"l10n_it.1_22a";"24.02";"__export__.product_product_17072_5e5624f6";"__export__.purchase_order_666_cd51eb19";"10";"purchase";"__export__.uom_uom_25_f80d9473";"0.0";"60.0";"60.0";"0.0";"60.0"
"__export__.purchase_order_line_4847_6f374852";"[20706] T VITAMINA B12 PRETRATT 6x5ml";"2019-11-09 14:28:39";"30.0";"l10n_it.1_22a";"65.52";"__export__.product_product_17185_896689f4";"__export__.purchase_order_666_cd51eb19";"10";"purchase";"__export__.uom_uom_22_b15e9a07";"0.0";"3.0";"3.0";"0.0";"3.0"
"__export__.purchase_order_line_4848_8969f32d";"[25283/20] T C-PEPTIDE II 20 TEST";"2019-11-09 14:28:39";"0.0";"l10n_it.1_22a";"15.68";"__export__.product_product_17102_51752caf";"__export__.purchase_order_666_cd51eb19";"10";"purchase";"__export__.uom_uom_22_b15e9a07";"0.0";"5.0";"5.0";"0.0";"5.0"
"__export__.purchase_order_line_4858_a15882e2";"[25232-20] T D-DIMERO 20 TEST";"2019-11-09 14:28:39";"30.0";"l10n_it.1_22a";"40.0";"__export__.product_product_17104_6d9a25a9";"__export__.purchase_order_666_cd51eb19";"10";"purchase";"__export__.uom_uom_22_b15e9a07";"0.0";"5.0";"5.0";"0.0";"5.0"
"__export__.purchase_order_line_4860_ba5d3fdb";"[025220-20] T B-HCG II gen 20 test";"2019-11-09 14:28:39";"30.0";"l10n_it.1_22a";"20.8";"__export__.product_product_17087_6a45bb8b";"__export__.purchase_order_666_cd51eb19";"10";"purchase";"__export__.uom_uom_22_b15e9a07";"0.0";"10.0";"10.0";"0.0";"10.0"
"__export__.purchase_order_line_4861_ef3af4c8";"[025265-20] T FSH 20 test";"2019-11-09 14:28:39";"30.0";"l10n_it.1_22a";"23.4";"__export__.product_product_17119_ddb55218";"__export__.purchase_order_666_cd51eb19";"10";"purchase";"__export__.uom_uom_22_b15e9a07";"0.0";"5.0";"5.0";"0.0";"10.0"
"__export__.purchase_order_line_4862_50d2d918";"[025295-20] T IgE II 20test";"2019-11-09 14:28:39";"30.0";"l10n_it.1_22a";"32.0";"__export__.product_product_17128_835a3fc8";"__export__.purchase_order_666_cd51eb19";"10";"purchase";"__export__.uom_uom_22_b15e9a07";"0.0";"5.0";"5.0";"0.0";"5.0"
"__export__.purchase_order_line_4863_92da9339";"[025296-20] T LH 20 test";"2019-11-09 14:28:39";"30.0";"l10n_it.1_22a";"20.0";"__export__.product_product_17132_a8686c2c";"__export__.purchase_order_666_cd51eb19";"10";"purchase";"__export__.uom_uom_22_b15e9a07";"0.0";"5.0";"5.0";"0.0";"5.0"
"__export__.purchase_order_line_4864_4e3a61ff";"[020293-20] T VITAMINA B12 20test";"2019-11-09 14:28:39";"30.0";"l10n_it.1_22a";"43.4";"__export__.product_product_17183_83bd61b1";"__export__.purchase_order_666_cd51eb19";"10";"purchase";"__export__.uom_uom_22_b15e9a07";"0.0";"30.0";"30.0";"0.0";"30.0"
"__export__.purchase_order_line_4918_ec21e623";"[025396-S] T LH STAT CALIBR 6x1ml";"2019-11-09 14:28:39";"30.0";"l10n_it.1_22a";"51.32";"__export__.product_product_17133_f94a73a9";"__export__.purchase_order_666_cd51eb19";"10";"purchase";"__export__.uom_uom_22_b15e9a07";"0.0";"2.0";"2.0";"0.0";"2.0"
"__export__.purchase_order_line_4919_2e2d22f7";"[020355-S] T PROLATTINA CALIBR 2x1ml";"2019-11-09 14:28:39";"30.0";"l10n_it.1_22a";"19.66";"__export__.product_product_17148_b40402b9";"__export__.purchase_order_666_cd51eb19";"10";"purchase";"__export__.uom_uom_22_b15e9a07";"0.0";"2.0";"2.0";"0.0";"2.0"
"__export__.purchase_order_line_4976_d949a79d";"[020354-S] T CEA CALIBR 2X1ml";"2019-11-09 14:28:39";"30.0";"l10n_it.1_22a";"19.66";"__export__.product_product_17092_bd8bc6ae";"__export__.purchase_order_666_cd51eb19";"10";"purchase";"__export__.uom_uom_22_b15e9a07";"0.0";"2.0";"2.0";"0.0";"2.0"
"__export__.purchase_order_line_4979_12b4bd98";"[025331-S] T FT3i CALIBR. 6x1ml";"2019-11-09 14:28:39";"30.0";"l10n_it.1_22a";"58.97";"__export__.product_product_17122_d13a92a7";"__export__.purchase_order_666_cd51eb19";"10";"purchase";"__export__.uom_uom_22_b15e9a07";"0.0";"2.0";"2.0";"0.0";"2.0"
"__export__.purchase_order_line_4984_afa8d58d";"[25211/20] T PSA FREE 20 TEST";"2019-11-09 14:28:39";"0.0";"l10n_it.1_22a";"27.02";"__export__.product_product_17149_b752be64";"__export__.purchase_order_666_cd51eb19";"10";"purchase";"__export__.uom_uom_22_b15e9a07";"0.0";"5.0";"5.0";"0.0";"5.0"
"__export__.purchase_order_line_4985_bce6d663";"[025254-20] T CEA 20 test";"2019-11-09 14:28:39";"30.0";"l10n_it.1_22a";"31.2";"__export__.product_product_17091_960b12d9";"__export__.purchase_order_666_cd51eb19";"10";"purchase";"__export__.uom_uom_22_b15e9a07";"0.0";"5.0";"5.0";"0.0";"5.0"
"__export__.purchase_order_line_5001_a672f51b";"[021472-1P1] T G7 THAL.1 TAMP.B 1x800ml";"2019-11-09 14:28:39";"30.0";"l10n_it.1_22a";"72.45";"__export__.product_product_18512_6d029005";"__export__.purchase_order_666_cd51eb19";"11";"purchase";"__export__.uom_uom_22_b15e9a07";"0.0";"8.0";"8.0";"0.0";"8.0"
"__export__.purchase_order_line_5002_dbd69e44";"[021472-1P2] T G7 THAL.2 TAMP.B 1x800ml";"2019-11-09 14:28:39";"30.0";"l10n_it.1_22a";"72.45";"__export__.product_product_18513_8b41e335";"__export__.purchase_order_666_cd51eb19";"12";"purchase";"__export__.uom_uom_22_b15e9a07";"0.0";"8.0";"8.0";"0.0";"8.0"
"__export__.purchase_order_line_5003_b7f0fe0e";"[021472-1P3] T G7 THAL.3 TAMP.B 1x800ml";"2019-11-09 14:28:39";"30.0";"l10n_it.1_22a";"72.45";"__export__.product_product_18514_68c05dc9";"__export__.purchase_order_666_cd51eb19";"13";"purchase";"__export__.uom_uom_22_b15e9a07";"0.0";"6.0";"6.0";"0.0";"6.0"
"__export__.purchase_order_line_4523_8996b0aa";"[GA442000] H CREATININA ENZYM.1x45;1x5ml";"2019-11-09 14:28:37";"0.0";"l10n_it.1_22a";"15.0";"__export__.product_product_15076_cbda7ab2";"__export__.purchase_order_664_8af51099";"10";"purchase";"__export__.uom_uom_22_b15e9a07";"0.0";"2.0";"2.0";"0.0";"2.0"
"__export__.purchase_order_line_4527_8e4b68a9";"[GA488600] H FERRO FERENE 5x40+1x50ml";"2019-11-09 14:28:37";"0.0";"l10n_it.1_22a";"19.0";"__export__.product_product_15079_b2953991";"__export__.purchase_order_664_8af51099";"10";"purchase";"__export__.uom_uom_22_b15e9a07";"0.0";"1.0";"1.0";"0.0";"1.0"
"__export__.purchase_order_line_4534_fde9283c";"[GD857700] H CALIBRATORE CH.CL. 6x3ml";"2019-11-09 14:28:37";"0.0";"l10n_it.1_22a";"40.0";"__export__.product_product_15059_d6d4571e";"__export__.purchase_order_664_8af51099";"10";"purchase";"__export__.uom_uom_22_b15e9a07";"0.0";"1.0";"1.0";"0.0";"1.0"
"__export__.purchase_order_line_4544_ad10df15";"[GD858000] H CONTROLLO NORMALE 5x5ml";"2019-11-09 14:28:37";"0.0";"l10n_it.1_22a";"35.0";"__export__.product_product_15073_59a5bad1";"__export__.purchase_order_664_8af51099";"10";"purchase";"__export__.uom_uom_22_b15e9a07";"0.0";"3.0";"3.0";"0.0";"3.0"
"__export__.purchase_order_line_4589_a085f7f5";"[GA437800] H COLESTEROLO HDL 6x45;6x15ml";"2019-11-09 14:28:37";"0.0";"l10n_it.1_22a";"105.0";"__export__.product_product_15066_a4ee9ee7";"__export__.purchase_order_664_8af51099";"10";"purchase";"__export__.uom_uom_22_b15e9a07";"0.0";"1.0";"1.0";"0.0";"1.0"
"__export__.purchase_order_line_4590_7dd7c253";"[GA417500] H ALFA AMILASI 5x20ml";"2019-11-09 14:28:37";"0.0";"l10n_it.1_22a";"29.0";"__export__.product_product_15050_5024147d";"__export__.purchase_order_664_8af51099";"10";"purchase";"__export__.uom_uom_22_b15e9a07";"0.0";"2.0";"2.0";"0.0";"2.0"
"__export__.purchase_order_line_4591_c5bc9bf1";"[GD858200] H CONTROLLO PATOLOGICO 5x5ml";"2019-11-09 14:28:37";"0.0";"l10n_it.1_22a";"35.0";"__export__.product_product_15074_e3c459a7";"__export__.purchase_order_664_8af51099";"10";"purchase";"__export__.uom_uom_22_b15e9a07";"0.0";"1.0";"1.0";"0.0";"1.0"
"__export__.purchase_order_line_4662_772853b5";"[GA454700] H LDH 10X40+2X20ML";"2019-11-09 14:28:37";"0.0";"l10n_it.1_22a";"14.0";"__export__.product_product_15095_56e1662e";"__export__.purchase_order_664_8af51099";"10";"purchase";"__export__.uom_uom_22_b15e9a07";"0.0";"1.0";"1.0";"0.0";"1.0"
"__export__.purchase_order_line_4668_a440c432";"[GA493300] H FOSFATASI ALC. 5x40+1x50ml";"2019-11-09 14:28:37";"0.0";"l10n_it.1_22a";"15.0";"__export__.product_product_15080_7dede63c";"__export__.purchase_order_664_8af51099";"10";"purchase";"__export__.uom_uom_22_b15e9a07";"0.0";"1.0";"1.0";"0.0";"1.0"
"__export__.purchase_order_line_4720_4794557e";"[GD5026] PCR LATEX 5ml 100test";"2019-11-09 14:28:37";"0.0";"l10n_it.1_22a";"10.0";"__export__.product_product_16061_fb53f699";"__export__.purchase_order_664_8af51099";"10";"purchase";"__export__.uom_uom_22_b15e9a07";"0.0";"15.0";"15.0";"0.0";"15.0"
"__export__.purchase_order_line_4748_698a4a1e";"[GA434000] H COLESTEROLO TOT.12x50ml";"2019-11-09 14:28:37";"0.0";"l10n_it.1_22a";"14.5";"__export__.product_product_15069_b6e059cd";"__export__.purchase_order_664_8af51099";"10";"purchase";"__export__.uom_uom_22_b15e9a07";"0.0";"1.0";"1.0";"0.0";"1.0"
"__export__.purchase_order_line_4754_78521678";"[GD5016] ASO LATEX 5ml 100 test";"2019-11-09 14:28:37";"0.0";"l10n_it.1_22a";"9.0";"__export__.product_product_16059_fc26cb16";"__export__.purchase_order_664_8af51099";"10";"purchase";"__export__.uom_uom_22_b15e9a07";"0.0";"3.0";"3.0";"0.0";"3.0"
"__export__.purchase_order_line_4522_c38e2648";"[C4950260D] D SODIO 2x40;2x20+2x1,5ml";"2019-11-09 14:28:36";"0.0";"l10n_it.1_22a";"75.0";"__export__.product_product_15373_f151ce41";"__export__.purchase_order_663_fbc740a1";"10";"purchase";"__export__.uom_uom_22_b15e9a07";"0.0";"1.0";"1.0";"0.0";"1.0"
"__export__.purchase_order_line_4549_715d636f";"[2001897] CS LAMP 240/300/400/600";"2019-11-09 14:28:36";"0.0";"l10n_it.1_22a";"114.4";"__export__.product_product_14065_25c2f4e8";"__export__.purchase_order_663_fbc740a1";"10";"purchase";"uom.product_uom_unit";"0.0";"6.0";"6.0";"0.0";"6.0"
"__export__.purchase_order_line_4606_a20ab483";"[C9000150D] D IgA 40+10 ml";"2019-11-09 14:28:36";"0.0";"l10n_it.1_22a";"26.4";"__export__.product_product_15359_9cc5b5f4";"__export__.purchase_order_663_fbc740a1";"10";"purchase";"__export__.uom_uom_22_b15e9a07";"0.0";"1.0";"1.0";"0.0";"1.0"
"__export__.purchase_order_line_4675_4e551095";"[C6702000D] H INTERNAL STANDARD REFER.2lt";"2019-11-09 14:28:36";"0.0";"l10n_it.1_22a";"22.0";"__export__.product_product_15376_680f8f7b";"__export__.purchase_order_663_fbc740a1";"10";"purchase";"__export__.uom_uom_22_b15e9a07";"0.0";"2.0";"2.0";"0.0";"2.0"
"__export__.purchase_order_line_4520_a4a8b32e";"[7K6325] AR FT3 100 TEST";"2019-11-09 14:28:34";"0.0";"l10n_it.1_22a";"29.0";"__export__.product_product_16963_2c2b6d2a";"__export__.purchase_order_662_dd1c39e0";"10";"purchase";"__export__.uom_uom_22_b15e9a07";"0.0";"6.0";"6.0";"0.0";"6.0"
"__export__.purchase_order_line_4546_7f2f7fad";"[7K6529] AR FT4 100 TEST";"2019-11-09 14:28:34";"0.0";"l10n_it.1_22a";"29.0";"__export__.product_product_16965_95ff1859";"__export__.purchase_order_662_dd1c39e0";"10";"purchase";"__export__.uom_uom_22_b15e9a07";"0.0";"6.0";"6.0";"0.0";"6.0"
"__export__.purchase_order_line_4643_2f8f73a7";"[4784618190] RE CMV IgM + CAL 100 test";"2019-11-09 14:28:34";"0.0";"l10n_it.1_22a";"95.0";"__export__.product_product_17017_a40d8e1b";"__export__.purchase_order_662_dd1c39e0";"10";"purchase";"__export__.uom_uom_22_b15e9a07";"0.0";"2.0";"2.0";"0.0";"2.0"
"__export__.purchase_order_line_4542_86cc5e11";"[7092539190] RE PROGESTERONEIII NEW 100test";"2019-11-09 14:28:32";"0.0";"l10n_it.1_22a";"59.85";"__export__.product_product_16917_4579fa83";"__export__.purchase_order_661_b452f7fa";"10";"purchase";"__export__.uom_uom_22_b15e9a07";"0.0";"4.0";"4.0";"0.0";"4.0"
"__export__.purchase_order_line_4547_5199c1c3";"[11776193122] RE CA 19.9 100 test";"2019-11-09 14:28:32";"0.0";"l10n_it.1_22a";"85.05";"__export__.product_product_16864_84c409c7";"__export__.purchase_order_661_b452f7fa";"10";"purchase";"__export__.uom_uom_22_b15e9a07";"0.0";"3.0";"3.0";"0.0";"3.0"
"__export__.purchase_order_line_4548_fdb72b10";"[6656021190] RE ESTRADIOLO III 100 test";"2019-11-09 14:28:32";"0.0";"l10n_it.1_22a";"59.85";"__export__.product_product_16876_f3f83978";"__export__.purchase_order_661_b452f7fa";"10";"purchase";"__export__.uom_uom_22_b15e9a07";"0.0";"3.0";"3.0";"0.0";"3.0"
"__export__.purchase_order_line_4551_05a724b1";"[20764949322] RC GOT 500 test";"2019-11-09 14:28:32";"0.0";"l10n_it.1_22a";"14.85";"__export__.product_product_15330_be31f157";"__export__.purchase_order_661_b452f7fa";"10";"purchase";"__export__.uom_uom_22_b15e9a07";"0.0";"3.0";"3.0";"0.0";"3.0"
"__export__.purchase_order_line_4555_1e105749";"[11732234122] RE LH 100 test";"2019-11-09 14:28:32";"0.0";"l10n_it.1_22a";"47.25";"__export__.product_product_16892_d13d5c5d";"__export__.purchase_order_661_b452f7fa";"10";"purchase";"__export__.uom_uom_22_b15e9a07";"0.0";"10.0";"10.0";"0.0";"10.0"
"__export__.purchase_order_line_4556_2785e9ab";"[3203093190] RE PROLATTINA II 100 test";"2019-11-09 14:28:32";"0.0";"l10n_it.1_22a";"59.85";"__export__.product_product_16919_189ffcef";"__export__.purchase_order_661_b452f7fa";"10";"purchase";"__export__.uom_uom_22_b15e9a07";"0.0";"5.0";"5.0";"0.0";"5.0"
"__export__.purchase_order_line_4557_8d78a473";"[3289788190] RE PSA FREE 100 test";"2019-11-09 14:28:32";"0.0";"l10n_it.1_22a";"51.45";"__export__.product_product_16920_50f3565c";"__export__.purchase_order_661_b452f7fa";"10";"purchase";"__export__.uom_uom_22_b15e9a07";"0.0";"8.0";"8.0";"0.0";"8.0"
"__export__.purchase_order_line_4565_9fbbe0f0";"[7976836190] RE FT4 III gen 200 TEST";"2019-11-09 14:28:32";"0.0";"l10n_it.1_22a";"40.95";"__export__.product_product_16886_b392e388";"__export__.purchase_order_661_b452f7fa";"10";"purchase";"__export__.uom_uom_22_b15e9a07";"0.0";"15.0";"15.0";"0.0";"15.0"
"__export__.purchase_order_line_4582_3b5075a2";"[3032680122] RE FSH CALIBR. 2x2x1ml";"2019-11-09 14:28:32";"0.0";"l10n_it.1_22a";"26.25";"__export__.product_product_16883_03d6e850";"__export__.purchase_order_661_b452f7fa";"10";"purchase";"__export__.uom_uom_22_b15e9a07";"0.0";"1.0";"1.0";"0.0";"1.0"
"__export__.purchase_order_line_4583_5f45a474";"[3277356190] RE PROLATTINA CALIBR. 2x2x1ml";"2019-11-09 14:28:32";"0.0";"l10n_it.1_22a";"26.25";"__export__.product_product_16918_62f69009";"__export__.purchase_order_661_b452f7fa";"10";"purchase";"__export__.uom_uom_22_b15e9a07";"0.0";"1.0";"1.0";"0.0";"1.0"
"__export__.purchase_order_line_4584_94ab5394";"[3289796190] RE PSA FREE CALIBR.2x2x1ml";"2019-11-09 14:28:32";"0.0";"l10n_it.1_22a";"26.25";"__export__.product_product_16921_73b7aa3a";"__export__.purchase_order_661_b452f7fa";"10";"purchase";"__export__.uom_uom_22_b15e9a07";"0.0";"2.0";"2.0";"0.0";"2.0"
"__export__.purchase_order_line_4596_918da0a1";"[6472931190] RE ANTI-TPO III CAL.2x2x1,5 ml";"2019-11-09 14:28:32";"0.0";"l10n_it.1_22a";"18.9";"__export__.product_product_16861_5ae08feb";"__export__.purchase_order_661_b452f7fa";"11";"purchase";"__export__.uom_uom_22_b15e9a07";"0.0";"1.0";"1.0";"0.0";"1.0"
"__export__.purchase_order_line_4442_522b2763";"[CM1000] CAMERA DI MAKLER";"2019-11-18 14:29:15";"0.0";"l10n_it.1_22a";"570.0";"__export__.product_product_19811_36231f5c";"__export__.purchase_order_654_a1c6a73c";"10";"purchase";"__export__.uom_uom_22_b15e9a07";"0.0";"1.0";"1.0";"0.0";"1.0"
"__export__.purchase_order_line_4428_79e92e11";"[303007] BENDA ORLATA COTONE 500x7cm 1p";"2019-11-13 14:29:10";"0.0";"l10n_it.1_22a";"0.14";"__export__.product_product_19175_58cbbcf3";"__export__.purchase_order_653_f8092f59";"10";"purchase";"uom.product_uom_unit";"0.0";"10.0";"10.0";"0.0";"10.0"
"__export__.purchase_order_line_4952_bf65dccd";"[52513] DEFLUSSORI CONO LUER ROLLER";"2019-11-08 14:29:10";"0.0";"l10n_it.1_22a";"0.18";"__export__.product_product_19400_a65e4242";"__export__.purchase_order_653_f8092f59";"10";"purchase";"__export__.uom_uom_22_b15e9a07";"0.0";"50.0";"50.0";"0.0";"50.0"
"__export__.purchase_order_line_5004_acf178cf";"[JAP147] MICROSCOPIO ECLIPSE E200 ILLUMINAZIONE LED";"2019-11-18 14:29:10";"0.0";"l10n_it.1_22a";"1850.0";"__export__.product_product_20873_7491cc1a";"__export__.purchase_order_653_f8092f59";"11";"purchase";"uom.product_uom_unit";"0.0";"1.0";"1.0";"0.0";"1.0"
"__export__.purchase_order_line_4397_95fd81d9";"[33925] MS LIVER PROFILE 25 STRISCE";"2019-11-08 14:28:52";"45.0";"l10n_it.1_22a";"172.0";"__export__.product_product_19326_9e598169";"__export__.purchase_order_652_45e5f5a8";"10";"purchase";"__export__.uom_uom_22_b15e9a07";"0.0";"5.0";"5.0";"0.0";"5.0"
"__export__.purchase_order_line_4612_8dd1b45b";"[33905] MS GLUCOSIO 25 STRIP";"2019-11-08 14:28:52";"45.0";"l10n_it.1_22a";"48.0";"__export__.product_product_19320_23d2dba3";"__export__.purchase_order_652_45e5f5a8";"10";"purchase";"__export__.uom_uom_22_b15e9a07";"0.0";"3.0";"3.0";"0.0";"3.0"
"__export__.purchase_order_line_4617_9029bad3";"[33921] MS ALP 25 STRIP";"2019-11-08 14:28:52";"45.0";"l10n_it.1_22a";"54.0";"__export__.product_product_19309_3c7d6552";"__export__.purchase_order_652_45e5f5a8";"10";"purchase";"__export__.uom_uom_22_b15e9a07";"0.0";"3.0";"3.0";"0.0";"3.0"
"__export__.purchase_order_line_4619_3ecc1932";"[33909] MS UREA 25 STRIP";"2019-11-08 14:28:52";"45.0";"l10n_it.1_22a";"48.0";"__export__.product_product_19332_b3712ee7";"__export__.purchase_order_652_45e5f5a8";"10";"purchase";"__export__.uom_uom_22_b15e9a07";"0.0";"3.0";"3.0";"0.0";"3.0"
"__export__.purchase_order_line_4680_324f1a90";"[33927] MS MULTI PANEL 1 25 STRIP";"2019-11-08 14:28:52";"45.0";"l10n_it.1_22a";"178.0";"__export__.product_product_19327_9890e44b";"__export__.purchase_order_652_45e5f5a8";"10";"purchase";"__export__.uom_uom_22_b15e9a07";"0.0";"4.0";"4.0";"0.0";"4.0"
"__export__.purchase_order_line_4736_cf23a7af";"[33913] MS ALBUMINA 25 TEST";"2019-11-08 14:28:52";"45.0";"l10n_it.1_22a";"48.0";"__export__.product_product_19308_112944d7";"__export__.purchase_order_652_45e5f5a8";"11";"purchase";"__export__.uom_uom_22_b15e9a07";"0.0";"2.0";"2.0";"0.0";"2.0"
"__export__.purchase_order_line_4395_3f2e8c50";"[GT345] TESTINA SNAP ON UNIV. 3,2mm";"2019-11-08 14:28:51";"30.0";"l10n_it.1_22a";"34.9";"__export__.product_product_13179_9afb073a";"__export__.purchase_order_651_bc8eddfc";"10";"purchase";"__export__.uom_uom_21_9e24ac02";"0.0";"1.0";"1.0";"0.0";"1.0"
"__export__.purchase_order_line_4937_7956c04b";"[3574080] SOLUZ.RINGER LATTATO 500ml";"2019-11-08 14:28:51";"0.0";"l10n_it.1_22a";"0.7";"__export__.product_product_19081_43033b93";"__export__.purchase_order_651_bc8eddfc";"10";"purchase";"uom.product_uom_unit";"0.0";"200.0";"200.0";"0.0";"200.0"
"__export__.purchase_order_line_4957_b4e383a2";"[357423] SOLUZ.FISIOLOGICA 500ml";"2019-11-08 14:28:51";"0.0";"l10n_it.1_22a";"0.6";"__export__.product_product_18249_f0430264";"__export__.purchase_order_651_bc8eddfc";"11";"purchase";"__export__.uom_uom_22_b15e9a07";"0.0";"100.0";"100.0";"0.0";"100.0"
"__export__.purchase_order_line_4370_fe5a86c6";"[3183734190] RC PROTEINE TOT.II 300 test";"2019-11-08 14:28:47";"0.0";"l10n_it.1_22a";"5.4";"__export__.product_product_15341_febcbbeb";"__export__.purchase_order_650_f2ad28fe";"10";"purchase";"__export__.uom_uom_22_b15e9a07";"0.0";"6.0";"6.0";"0.0";"6.0"
"__export__.purchase_order_line_4697_3d70ee0f";"[11706799001] RE  ASSAY TIP 30x120pz";"2019-11-08 14:28:47";"0.0";"l10n_it.1_22a";"25.0";"__export__.product_product_18211_06617e43";"__export__.purchase_order_650_f2ad28fe";"11";"purchase";"__export__.uom_uom_22_b15e9a07";"0.0";"5.0";"5.0";"0.0";"5.0"
"__export__.purchase_order_line_4368_ea7c616f";"[4956842190] RC CRP 250 test";"2019-11-08 14:28:46";"0.0";"__export__.account_tax_85_b2b88c9a";"59.4";"__export__.product_product_15405_45739f79";"__export__.purchase_order_649_7257b1c2";"10";"purchase";"__export__.uom_uom_22_b15e9a07";"0.0";"2.0";"2.0";"0.0";"2.0"
"__export__.purchase_order_line_4369_1d88ae59";"[3002721122] RC GGT 400 test";"2019-11-08 14:28:46";"0.0";"__export__.account_tax_85_b2b88c9a";"14.4";"__export__.product_product_15412_bd0a77f8";"__export__.purchase_order_649_7257b1c2";"10";"purchase";"__export__.uom_uom_22_b15e9a07";"0.0";"2.0";"2.0";"0.0";"2.0"
"__export__.purchase_order_line_4373_e53fb51d";"[3302652190] RE B-HCG TOT.CALIBR.2x2x1ml";"2019-11-08 14:28:46";"0.0";"__export__.account_tax_85_b2b88c9a";"30.0";"__export__.product_product_16862_8e3f34a6";"__export__.purchase_order_649_7257b1c2";"10";"purchase";"__export__.uom_uom_22_b15e9a07";"0.0";"1.0";"1.0";"0.0";"1.0"
"__export__.purchase_order_line_4374_c48d7524";"[3045846122] RE CA 15.3 II CALIBR. 2x2x1 ml";"2019-11-08 14:28:46";"0.0";"__export__.account_tax_85_b2b88c9a";"30.0";"__export__.product_product_16806_3a22640d";"__export__.purchase_order_649_7257b1c2";"10";"purchase";"__export__.uom_uom_22_b15e9a07";"0.0";"1.0";"1.0";"0.0";"1.0"
"__export__.purchase_order_line_4398_e5c26029";"[7528566190] RC COLESTEROLO HDL NEW 350 TES";"2019-11-08 14:28:46";"0.0";"__export__.account_tax_85_b2b88c9a";"79.9";"__export__.product_product_15399_3192de25";"__export__.purchase_order_649_7257b1c2";"10";"purchase";"__export__.uom_uom_22_b15e9a07";"0.0";"2.0";"2.0";"0.0";"2.0"
"__export__.purchase_order_line_4406_67303140";"[7005717190] RC COLESTEROLO LDL III 200 TES";"2019-11-08 14:28:46";"0.0";"__export__.account_tax_85_b2b88c9a";"43.5";"__export__.product_product_15400_30876d43";"__export__.purchase_order_649_7257b1c2";"10";"purchase";"__export__.uom_uom_22_b15e9a07";"0.0";"6.0";"6.0";"0.0";"6.0"
"__export__.purchase_order_line_4408_aa96ed34";"[4827031190] RE IgE TOT II 100 test";"2019-11-08 14:28:46";"0.0";"__export__.account_tax_85_b2b88c9a";"75.0";"__export__.product_product_16823_9b1cc05a";"__export__.purchase_order_649_7257b1c2";"10";"purchase";"__export__.uom_uom_22_b15e9a07";"0.0";"5.0";"5.0";"0.0";"5.0"
"__export__.purchase_order_line_4412_8adc7dba";"[20767107322] RC TRIGLICERIDI 250 test";"2019-11-08 14:28:46";"0.0";"__export__.account_tax_85_b2b88c9a";"8.9";"__export__.product_product_15428_e83079e6";"__export__.purchase_order_649_7257b1c2";"10";"purchase";"__export__.uom_uom_22_b15e9a07";"0.0";"5.0";"5.0";"0.0";"5.0"
"__export__.purchase_order_line_4537_4178744e";"[7464240190] RE VITAMINA D II gen CALSET";"2019-11-08 14:28:46";"0.0";"__export__.account_tax_85_b2b88c9a";"30.0";"__export__.product_product_16849_a4dc73e4";"__export__.purchase_order_649_7257b1c2";"10";"purchase";"__export__.uom_uom_22_b15e9a07";"0.0";"1.0";"1.0";"0.0";"1.0"
"__export__.purchase_order_line_4538_1e8321bb";"[10745065202] RR COLESTEROLO 30 test";"2019-11-08 14:28:46";"0.0";"__export__.account_tax_85_b2b88c9a";"24.1";"__export__.product_product_19282_c06794c1";"__export__.purchase_order_649_7257b1c2";"10";"purchase";"__export__.uom_uom_22_b15e9a07";"0.0";"1.0";"1.0";"0.0";"1.0"
"__export__.purchase_order_line_4554_6061cef6";"[7212771190] RE VITAMINA B12 NEWII 100 TEST";"2019-11-08 14:28:46";"0.0";"__export__.account_tax_85_b2b88c9a";"79.0";"__export__.product_product_16848_8462cb7f";"__export__.purchase_order_649_7257b1c2";"10";"purchase";"__export__.uom_uom_22_b15e9a07";"0.0";"3.0";"3.0";"0.0";"3.0"
"__export__.purchase_order_line_4563_82ca2027";"[10745138202] RR GPT 30 test";"2019-11-08 14:28:46";"0.0";"__export__.account_tax_85_b2b88c9a";"19.0";"__export__.product_product_19289_3e0e7466";"__export__.purchase_order_649_7257b1c2";"10";"purchase";"__export__.uom_uom_22_b15e9a07";"0.0";"10.0";"10.0";"0.0";"10.0"
"__export__.purchase_order_line_4573_dff5b320";"[11820567122] RE ANTI-HBc IgM + CAL 100 test";"2019-11-08 14:28:46";"0.0";"__export__.account_tax_85_b2b88c9a";"91.0";"__export__.product_product_16799_f3faf9b3";"__export__.purchase_order_649_7257b1c2";"10";"purchase";"__export__.uom_uom_22_b15e9a07";"0.0";"1.0";"1.0";"0.0";"1.0"
"__export__.purchase_order_line_4608_3ceebb44";"[11776215122] RE CA 19.9 CALIBR. 2x2x1ml";"2019-11-08 14:28:46";"0.0";"__export__.account_tax_85_b2b88c9a";"30.0";"__export__.product_product_16807_06f609d8";"__export__.purchase_order_649_7257b1c2";"10";"purchase";"__export__.uom_uom_22_b15e9a07";"0.0";"1.0";"1.0";"0.0";"1.0"
"__export__.purchase_order_line_4618_dfbb62e8";"[5390095190] RE HIV COMBI PT + CAL 100test";"2019-11-08 14:28:46";"0.0";"__export__.account_tax_85_b2b88c9a";"92.0";"__export__.product_product_16820_b70cfe14";"__export__.purchase_order_649_7257b1c2";"10";"purchase";"__export__.uom_uom_22_b15e9a07";"0.0";"8.0";"8.0";"0.0";"8.0"
"__export__.purchase_order_line_4635_c08b7291";"[10745049202] RR TRIGLICERIDI 30 test";"2019-11-08 14:28:46";"0.0";"__export__.account_tax_85_b2b88c9a";"22.8";"__export__.product_product_19292_ebc69be5";"__export__.purchase_order_649_7257b1c2";"10";"purchase";"__export__.uom_uom_22_b15e9a07";"0.0";"1.0";"1.0";"0.0";"1.0"
"__export__.purchase_order_line_4637_820947ed";"[5094798190] RE TROPONINA I 100 test";"2019-11-08 14:28:46";"0.0";"__export__.account_tax_85_b2b88c9a";"147.0";"__export__.product_product_16847_5be8af9d";"__export__.purchase_order_649_7257b1c2";"10";"purchase";"__export__.uom_uom_22_b15e9a07";"0.0";"1.0";"1.0";"0.0";"1.0"
"__export__.purchase_order_line_4640_979037b7";"[5061482190] RC CALCIO II gen 300 test";"2019-11-08 14:28:46";"0.0";"__export__.account_tax_85_b2b88c9a";"12.0";"__export__.product_product_15396_7dde5fbd";"__export__.purchase_order_649_7257b1c2";"10";"purchase";"__export__.uom_uom_22_b15e9a07";"0.0";"2.0";"2.0";"0.0";"2.0"
"__export__.purchase_order_line_4646_799f3072";"[11972219122] RE PTH CALIBR.2x2x1ml";"2019-11-08 14:28:46";"0.0";"__export__.account_tax_85_b2b88c9a";"30.0";"__export__.product_product_16838_d4fd0ce8";"__export__.purchase_order_649_7257b1c2";"10";"purchase";"__export__.uom_uom_22_b15e9a07";"0.0";"1.0";"1.0";"0.0";"1.0"
"__export__.purchase_order_line_4648_60029fb0";"[5795397190] RC BILIR.TOTALE 250test IIIgen";"2019-11-08 14:28:46";"0.0";"__export__.account_tax_85_b2b88c9a";"8.8";"__export__.product_product_15393_43fea81e";"__export__.purchase_order_649_7257b1c2";"10";"purchase";"__export__.uom_uom_22_b15e9a07";"0.0";"2.0";"2.0";"0.0";"2.0"
"__export__.purchase_order_line_4650_c9c1f2e3";"[3039773190] RC COLESTEROLO TOT.II 400test";"2019-11-08 14:28:46";"0.0";"__export__.account_tax_85_b2b88c9a";"11.4";"__export__.product_product_15401_d19dcb71";"__export__.purchase_order_649_7257b1c2";"10";"purchase";"__export__.uom_uom_22_b15e9a07";"0.0";"5.0";"5.0";"0.0";"5.0"
"__export__.purchase_order_line_4651_b9b27e80";"[4810716190] RC CREATININA JAFFE'700 test";"2019-11-08 14:28:46";"0.0";"__export__.account_tax_85_b2b88c9a";"13.23";"__export__.product_product_15404_0345abe7";"__export__.purchase_order_649_7257b1c2";"10";"purchase";"__export__.uom_uom_22_b15e9a07";"0.0";"5.0";"5.0";"0.0";"5.0"
"__export__.purchase_order_line_4652_71e1b280";"[3183696122] RC FERRO II 200 test";"2019-11-08 14:28:46";"0.0";"__export__.account_tax_85_b2b88c9a";"6.9";"__export__.product_product_15409_75ad6393";"__export__.purchase_order_649_7257b1c2";"10";"purchase";"__export__.uom_uom_22_b15e9a07";"0.0";"5.0";"5.0";"0.0";"5.0"
"__export__.purchase_order_line_4654_573cabb4";"[3183688122] RC ALBUMIN2 300 test";"2019-11-08 14:28:46";"0.0";"__export__.account_tax_85_b2b88c9a";"8.9";"__export__.product_product_15385_4a059843";"__export__.purchase_order_649_7257b1c2";"10";"purchase";"__export__.uom_uom_22_b15e9a07";"0.0";"3.0";"3.0";"0.0";"3.0"
"__export__.purchase_order_line_4655_99294d7b";"[4498577190] RC COLINEST.200 TEST";"2019-11-08 14:28:46";"0.0";"__export__.account_tax_85_b2b88c9a";"12.0";"__export__.product_product_15402_4bd9a39e";"__export__.purchase_order_649_7257b1c2";"10";"purchase";"__export__.uom_uom_22_b15e9a07";"0.0";"1.0";"1.0";"0.0";"1.0"
"__export__.purchase_order_line_4656_cabee09b";"[4528182190] RC HbA1C SOL.EMOLISANTE 51ml";"2019-11-08 14:28:46";"0.0";"__export__.account_tax_85_b2b88c9a";"14.5";"__export__.product_product_15413_3651e929";"__export__.purchase_order_649_7257b1c2";"10";"purchase";"__export__.uom_uom_22_b15e9a07";"0.0";"5.0";"5.0";"0.0";"5.0"
"__export__.purchase_order_line_4657_6c7696e6";"[3029590322] RC LIPASI 200 TEST (LIPC)";"2019-11-08 14:28:46";"0.0";"__export__.account_tax_85_b2b88c9a";"24.71";"__export__.product_product_15419_4b02a8f0";"__export__.purchase_order_649_7257b1c2";"10";"purchase";"__export__.uom_uom_22_b15e9a07";"0.0";"1.0";"1.0";"0.0";"1.0"
"__export__.purchase_order_line_4658_7e9484e1";"[20737593322] RI MAGNESIO 175 test";"2019-11-08 14:28:46";"0.0";"__export__.account_tax_85_b2b88c9a";"7.6";"__export__.product_product_15432_c8718177";"__export__.purchase_order_649_7257b1c2";"10";"purchase";"__export__.uom_uom_22_b15e9a07";"0.0";"1.0";"1.0";"0.0";"1.0"
"__export__.purchase_order_line_4659_044f7819";"[20764930322] RI PCR 300 test";"2019-11-08 14:28:46";"0.0";"__export__.account_tax_85_b2b88c9a";"59.6";"__export__.product_product_15433_80df6bbc";"__export__.purchase_order_649_7257b1c2";"10";"purchase";"__export__.uom_uom_22_b15e9a07";"0.0";"2.0";"2.0";"0.0";"2.0"
"__export__.purchase_order_line_4660_4e1d10f9";"[3004732122] RC LDH IFCC 300 test II gen.";"2019-11-08 14:28:46";"0.0";"__export__.account_tax_85_b2b88c9a";"11.4";"__export__.product_product_15417_961be27e";"__export__.purchase_order_649_7257b1c2";"11";"purchase";"__export__.uom_uom_22_b15e9a07";"0.0";"1.0";"1.0";"0.0";"1.0"
"__export__.purchase_order_line_4366_df8c818b";"[93104] IGA-IGG-IGM MULTIPLATE 4x3test";"2019-11-08 14:28:44";"53.0";"l10n_it.1_22a";"27.0";"__export__.product_product_17451_39267355";"__export__.purchase_order_648_83aae1cd";"10";"purchase";"__export__.uom_uom_22_b15e9a07";"0.0";"1.0";"1.0";"0.0";"1.0"
"__export__.purchase_order_line_4410_097a8c95";"[9025/1] FOSFOMICINA FOS 50ug 50 test";"2019-11-08 14:28:44";"0.0";"l10n_it.1_22a";"3.48";"__export__.product_product_15755_c96500de";"__export__.purchase_order_648_83aae1cd";"10";"purchase";"__export__.uom_uom_22_b15e9a07";"0.0";"5.0";"5.0";"0.0";"5.0"
"__export__.purchase_order_line_4446_8607b9a0";"[95280] MASTRING YEASTS 100 TEST";"2019-11-08 14:28:44";"40.0";"l10n_it.1_22a";"97.4";"__export__.product_product_15826_8d12d60b";"__export__.purchase_order_648_83aae1cd";"10";"purchase";"__export__.uom_uom_22_b15e9a07";"0.0";"1.0";"1.0";"0.0";"1.0"
"__export__.purchase_order_line_4521_9d5cde46";"[9051/1] BACITRACIN BA 10UI 50 test";"2019-11-08 14:28:44";"40.0";"l10n_it.1_22a";"7.0";"__export__.product_product_15619_7111dcc8";"__export__.purchase_order_648_83aae1cd";"10";"purchase";"__export__.uom_uom_22_b15e9a07";"0.0";"1.0";"1.0";"0.0";"1.0"
"__export__.purchase_order_line_4561_b53a9c8f";"[51023] URINOTUBE CET/CLED/MAC 120 PZ";"2019-11-08 14:28:44";"0.0";"l10n_it.1_22a";"38.63";"__export__.product_product_16002_82da6713";"__export__.purchase_order_648_83aae1cd";"10";"purchase";"__export__.uom_uom_22_b15e9a07";"0.0";"10.0";"10.0";"0.0";"10.0"
"__export__.purchase_order_line_4562_abe91577";"[10029] MAC CONKEY AGAR 20 test";"2019-11-08 14:28:44";"0.0";"l10n_it.1_22a";"5.57";"__export__.product_product_15813_0cb0db29";"__export__.purchase_order_648_83aae1cd";"10";"purchase";"__export__.uom_uom_22_b15e9a07";"0.0";"15.0";"15.0";"0.0";"15.0"
"__export__.purchase_order_line_4571_3cb59a72";"[10043] HEKTOEN ENTERIC AGAR 20 test";"2019-11-08 14:28:44";"58.0";"l10n_it.1_22a";"19.1";"__export__.product_product_15772_b994f00b";"__export__.purchase_order_648_83aae1cd";"10";"purchase";"__export__.uom_uom_22_b15e9a07";"0.0";"1.0";"1.0";"0.0";"1.0"
"__export__.purchase_order_line_4585_e77d9c7f";"[74156] GENITAL SYSTEM AF 20 test";"2019-11-08 14:28:44";"0.0";"l10n_it.1_22a";"83.63";"__export__.product_product_15761_dfd30063";"__export__.purchase_order_648_83aae1cd";"10";"purchase";"__export__.uom_uom_22_b15e9a07";"0.0";"2.0";"2.0";"0.0";"2.0"
"__export__.purchase_order_line_4614_c02d02e5";"[9089/1] CEFIXIME CFM 5ug 50 test";"2019-11-08 14:28:44";"0.0";"l10n_it.1_22a";"3.48";"__export__.product_product_15658_72dc5af5";"__export__.purchase_order_648_83aae1cd";"10";"purchase";"__export__.uom_uom_22_b15e9a07";"0.0";"5.0";"5.0";"0.0";"5.0"
"__export__.purchase_order_line_4615_bc4d98ed";"[9020/1] CEFTRIAXONE CRO 30ug 50 test";"2019-11-08 14:28:44";"0.0";"l10n_it.1_22a";"3.48";"__export__.product_product_15673_8a2e0d52";"__export__.purchase_order_648_83aae1cd";"10";"purchase";"__export__.uom_uom_22_b15e9a07";"0.0";"5.0";"5.0";"0.0";"5.0"
"__export__.purchase_order_line_4623_9b1aba07";"[10030] SALE MANNITE AGAR 20 test";"2019-11-08 14:28:44";"0.0";"l10n_it.1_22a";"5.57";"__export__.product_product_15936_cf8a3007";"__export__.purchase_order_648_83aae1cd";"10";"purchase";"__export__.uom_uom_22_b15e9a07";"0.0";"10.0";"10.0";"0.0";"10.0"
"__export__.purchase_order_line_4629_c39e7a5b";"[11612] CHROMATIC CANDIDA 20 test";"2019-11-08 14:28:44";"47.0";"l10n_it.1_22a";"40.0";"__export__.product_product_15683_33acd169";"__export__.purchase_order_648_83aae1cd";"10";"purchase";"__export__.uom_uom_22_b15e9a07";"0.0";"1.0";"1.0";"0.0";"1.0"
"__export__.purchase_order_line_4632_5d533167";"[20158] MYCOPLASMA TRANSP.BROTH 20tubi";"2019-11-08 14:28:44";"40.0";"l10n_it.1_22a";"21.6";"__export__.product_product_15849_42602c34";"__export__.purchase_order_648_83aae1cd";"10";"purchase";"__export__.uom_uom_22_b15e9a07";"0.0";"1.0";"1.0";"0.0";"1.0"
"__export__.purchase_order_line_4686_a51b7a51";"[10057] BILE AESCULINE AGAR 20 test";"2019-11-08 14:28:44";"58.0";"l10n_it.1_22a";"19.5";"__export__.product_product_15631_624af585";"__export__.purchase_order_648_83aae1cd";"10";"purchase";"__export__.uom_uom_22_b15e9a07";"0.0";"1.0";"1.0";"0.0";"1.0"
"__export__.purchase_order_line_4735_d7f81a02";"[11639] CHROMATIC GBS 20 TEST";"2019-11-08 14:28:44";"47.0";"l10n_it.1_22a";"50.0";"__export__.product_product_15691_42c8e4b6";"__export__.purchase_order_648_83aae1cd";"11";"purchase";"__export__.uom_uom_22_b15e9a07";"0.0";"1.0";"1.0";"0.0";"1.0"
"__export__.purchase_order_line_4352_0e21eb2f";"[62910] MAGO SET PREDILUIZIONE 1 pz";"2019-11-08 14:28:41";"0.0";"l10n_it.1_22a";"0.9";"__export__.product_product_18285_38aba218";"__export__.purchase_order_646_39590763";"10";"purchase";"__export__.uom_uom_22_b15e9a07";"0.0";"100.0";"100.0";"0.0";"100.0"
"__export__.purchase_order_line_4602_b9fee03f";"[F78] CASEINA 24 TEST";"2019-11-08 14:28:41";"0.0";"l10n_it.1_22a";"15.0";"__export__.product_product_18607_4f2c2998";"__export__.purchase_order_646_39590763";"10";"purchase";"__export__.uom_uom_22_b15e9a07";"0.0";"1.0";"1.0";"0.0";"1.0"
"__export__.purchase_order_line_4604_9b4cd564";"[ALKS-100] IGE BASE 96 test";"2019-11-08 14:28:41";"0.0";"l10n_it.1_22a";"105.0";"__export__.product_product_16699_ae9ea5ef";"__export__.purchase_order_646_39590763";"10";"purchase";"__export__.uom_uom_22_b15e9a07";"0.0";"2.0";"2.0";"0.0";"2.0"
"__export__.purchase_order_line_4607_9e720a86";"[F76] LATTOALBUMINA 24 TEST";"2019-11-08 14:28:41";"0.0";"l10n_it.1_22a";"15.0";"__export__.product_product_18643_8697a609";"__export__.purchase_order_646_39590763";"10";"purchase";"__export__.uom_uom_22_b15e9a07";"0.0";"1.0";"1.0";"0.0";"1.0"
"__export__.purchase_order_line_4630_35c413b6";"[F2] LATTE 24 TEST";"2019-11-08 14:28:41";"0.0";"l10n_it.1_22a";"15.0";"__export__.product_product_18641_b00a67d8";"__export__.purchase_order_646_39590763";"10";"purchase";"__export__.uom_uom_22_b15e9a07";"0.0";"1.0";"1.0";"0.0";"1.0"
"__export__.purchase_order_line_4631_75efb24d";"[F77] LATTOGLOBULINA 24 TEST";"2019-11-08 14:28:41";"0.0";"l10n_it.1_22a";"15.0";"__export__.product_product_18644_62eeb47c";"__export__.purchase_order_646_39590763";"10";"purchase";"__export__.uom_uom_22_b15e9a07";"0.0";"1.0";"1.0";"0.0";"1.0"
"__export__.purchase_order_line_4634_474d91e3";"[F25] POMODORO 24 TEST";"2019-11-08 14:28:41";"0.0";"l10n_it.1_22a";"15.0";"__export__.product_product_18692_9751e44a";"__export__.purchase_order_646_39590763";"10";"purchase";"__export__.uom_uom_22_b15e9a07";"0.0";"1.0";"1.0";"0.0";"1.0"
"__export__.purchase_order_line_4725_ba01e52f";"[I-528D] ANTITRANSGLUT. IGA 96 test";"2019-11-08 14:28:41";"0.0";"l10n_it.1_22a";"140.0";"__export__.product_product_16661_31d381fe";"__export__.purchase_order_646_39590763";"10";"purchase";"__export__.uom_uom_22_b15e9a07";"0.0";"1.0";"1.0";"0.0";"1.0"
"__export__.purchase_order_line_4742_3a2ff06f";"[10008297] LAURA M URI 10 PARAM.100test";"2019-11-08 14:28:41";"0.0";"l10n_it.1_22a";"6.0";"__export__.product_product_16321_a2b43a44";"__export__.purchase_order_646_39590763";"10";"purchase";"__export__.uom_uom_22_b15e9a07";"0.0";"70.0";"70.0";"0.0";"70.0"
"__export__.purchase_order_line_4778_b9915e1b";"[967-840] HERPES SIMPLEX 1 IgG 96 test";"2019-11-08 14:28:41";"0.0";"l10n_it.1_22a";"77.0";"__export__.product_product_16692_7e657142";"__export__.purchase_order_646_39590763";"10";"purchase";"__export__.uom_uom_22_b15e9a07";"0.0";"1.0";"1.0";"0.0";"1.0"
