"id";"name";"date_planned";"discount";"taxes_id:id";"price_unit";"product_id:id";"order_id:id";"sequence";"state";"product_uom:id";"qty_invoiced";"qty_received";"qty_to_invoice";"qty_to_receive";"product_qty"
"__export__.purchase_order_line_1350_3757b770";"[33921] MS ALP 25 STRIP";"2019-09-15 14:28:44";"0.0";"l10n_it.1_22a";"29.7";"__export__.product_product_19309_3c7d6552";"__export__.purchase_order_224_2bdad35d";"10";"purchase";"__export__.uom_uom_22_b15e9a07";"0.0";"1.0";"1.0";"0.0";"1.0"
"__export__.purchase_order_line_1351_470fb02b";"[33925] MS LIVER PROFILE 25 STRISCE";"2019-09-15 14:28:44";"0.0";"l10n_it.1_22a";"94.6";"__export__.product_product_19326_9e598169";"__export__.purchase_order_224_2bdad35d";"10";"purchase";"__export__.uom_uom_22_b15e9a07";"0.0";"2.0";"2.0";"0.0";"2.0"
"__export__.purchase_order_line_1362_6a0ac9d5";"[D6187] MS  TUBE SERUM T/BLU 500pz";"2019-09-19 14:28:44";"0.0";"l10n_it.1_22a";"49.5";"__export__.product_product_19306_8b84d358";"__export__.purchase_order_224_2bdad35d";"10";"purchase";"__export__.uom_uom_22_b15e9a07";"0.0";"2.0";"2.0";"0.0";"2.0"
"__export__.purchase_order_line_1438_dc2ee756";"[33905] MS GLUCOSIO 25 STRIP";"2019-09-15 14:28:44";"0.0";"l10n_it.1_22a";"26.4";"__export__.product_product_19320_23d2dba3";"__export__.purchase_order_224_2bdad35d";"10";"purchase";"__export__.uom_uom_22_b15e9a07";"0.0";"2.0";"2.0";"0.0";"2.0"
"__export__.purchase_order_line_1467_9e426121";"[33926] MS STAT PROFILE 25 STRIP";"2019-09-15 14:28:44";"0.0";"l10n_it.1_22a";"143.0";"__export__.product_product_19330_40058466";"__export__.purchase_order_224_2bdad35d";"10";"purchase";"__export__.uom_uom_22_b15e9a07";"0.0";"1.0";"1.0";"0.0";"1.0"
"__export__.purchase_order_line_1534_d4856a81";"[32138] MS MULTI PANEL V 25 STRIP";"2019-09-19 14:28:44";"0.0";"l10n_it.1_22a";"126.75";"__export__.product_product_19328_eb550904";"__export__.purchase_order_224_2bdad35d";"10";"purchase";"__export__.uom_uom_22_b15e9a07";"0.0";"8.0";"8.0";"0.0";"8.0"
"__export__.purchase_order_line_1320_8c189d2a";"[23090] CEROTTI STERILI 19x72mm 1000pz";"2019-09-13 14:28:26";"75.0";"l10n_it.1_22a";"44.4";"__export__.product_product_17618_033fab87";"__export__.purchase_order_223_a4b11f73";"10";"purchase";"__export__.uom_uom_22_b15e9a07";"0.0";"20.0";"20.0";"0.0";"20.0"
"__export__.purchase_order_line_2922_68fdff4e";"[03.44021.03] AGHI FARF.21gVERD.MIR.LUER 100";"2019-09-13 14:28:26";"90.0";"l10n_it.1_22a";"100.0";"__export__.product_product_17614_7eeaeb24";"__export__.purchase_order_223_a4b11f73";"10";"purchase";"__export__.uom_uom_22_b15e9a07";"0.0";"10.0";"10.0";"0.0";"10.0"
"__export__.purchase_order_line_2988_0c483aab";"[03.44023.03] AGHI FARF.23gAZZ.MIR.LUER 100p";"2019-09-13 14:28:26";"90.0";"l10n_it.1_22a";"100.0";"__export__.product_product_17615_ad401762";"__export__.purchase_order_223_a4b11f73";"11";"purchase";"__export__.uom_uom_22_b15e9a07";"0.0";"10.0";"10.0";"0.0";"10.0"
"__export__.purchase_order_line_1308_d98fdbb3";"[801320] ANTI A MONOCLONALE 10ml";"2019-09-18 14:28:21";"0.0";"l10n_it.1_22a";"4.39";"__export__.product_product_17456_4a732b8b";"__export__.purchase_order_222_528dd4e9";"10";"purchase";"__export__.uom_uom_22_b15e9a07";"0.0";"5.0";"5.0";"0.0";"5.0"
"__export__.purchase_order_line_1309_4ea9e23f";"[801345] ANTI B MONOCLONALE 10ml";"2019-09-18 14:28:21";"0.0";"l10n_it.1_22a";"4.39";"__export__.product_product_17459_e0bcd4dc";"__export__.purchase_order_222_528dd4e9";"10";"purchase";"__export__.uom_uom_22_b15e9a07";"0.0";"5.0";"5.0";"0.0";"5.0"
"__export__.purchase_order_line_1528_4f8f8cb4";"[802039] ANTI D MONOCLANALE 10ml";"2019-09-18 14:28:21";"0.0";"l10n_it.1_22a";"20.66";"__export__.product_product_17462_8a7e6c96";"__export__.purchase_order_222_528dd4e9";"10";"purchase";"__export__.uom_uom_22_b15e9a07";"0.0";"6.0";"6.0";"0.0";"6.0"
"__export__.purchase_order_line_1619_d1fddaa6";"[801370] ANTI AB 10ml";"2019-09-18 14:28:21";"0.0";"l10n_it.1_22a";"4.39";"__export__.product_product_17458_2bc1135a";"__export__.purchase_order_222_528dd4e9";"10";"purchase";"__export__.uom_uom_22_b15e9a07";"0.0";"1.0";"1.0";"0.0";"1.0"
"__export__.purchase_order_line_1297_78080e9c";"[454321] GR NaCi3,2% 2ml AZZ/BIA 1200pz";"2019-09-13 14:28:11";"0.0";"l10n_it.1_22a";"84.0";"__export__.product_product_18005_8caced13";"__export__.purchase_order_221_ae606a2c";"10";"purchase";"__export__.uom_uom_22_b15e9a07";"0.0";"3.0";"3.0";"0.0";"3.0"
"__export__.purchase_order_line_2477_c4e9f3cb";"[456084] GR Li EPAR 6ml 13x100 1200pz";"2019-09-13 14:28:11";"0.0";"l10n_it.1_22a";"80.4";"__export__.product_product_18003_3dc05840";"__export__.purchase_order_221_ae606a2c";"10";"purchase";"__export__.uom_uom_22_b15e9a07";"0.0";"2.0";"2.0";"0.0";"2.0"
"__export__.purchase_order_line_2798_7de77930";"[450081] GR AGO FAR 21G SIC+LUER 1000pz";"2019-09-13 14:28:11";"0.0";"l10n_it.1_22a";"285.0";"__export__.product_product_17973_7f34e8ba";"__export__.purchase_order_221_ae606a2c";"10";"purchase";"__export__.uom_uom_22_b15e9a07";"0.0";"2.0";"2.0";"0.0";"2.0"
"__export__.purchase_order_line_1295_b38359c0";"[160628214812] DE FILTRO 10um ENTRATA";"2019-09-14 14:28:09";"0.0";"l10n_it.1_22a";"4.09";"__export__.product_product_18218_6d9f0a81";"__export__.purchase_order_220_12c5609d";"10";"purchase";"uom.product_uom_unit";"0.0";"3.0";"3.0";"0.0";"3.0"
"__export__.purchase_order_line_2030_ce467538";"[160619976551] DE FILTRO 1um USCITA";"2019-09-13 14:28:09";"0.0";"l10n_it.1_22a";"6.9";"__export__.product_product_18219_1fa2888c";"__export__.purchase_order_220_12c5609d";"11";"purchase";"uom.product_uom_unit";"0.0";"3.0";"3.0";"0.0";"3.0"
"__export__.purchase_order_line_1286_f90a9351";"[2128] RETICOL. COUNTS KIT 50pz";"2019-09-14 14:28:05";"0.0";"l10n_it.1_22a";"24.0";"__export__.product_product_16228_45a066d2";"__export__.purchase_order_219_57ba71a2";"10";"purchase";"__export__.uom_uom_22_b15e9a07";"0.0";"4.0";"4.0";"0.0";"4.0"
"__export__.purchase_order_line_1292_e464d28f";"[4522320190] RC ISE STANDARD 5x600mL";"2019-09-14 14:28:04";"0.0";"l10n_it.1_22a";"15.95";"__export__.product_product_15335_3cb2c4e3";"__export__.purchase_order_218_d8248585";"10";"purchase";"__export__.uom_uom_22_b15e9a07";"9.0";"1.0";"-8.0";"0.0";"1.0"
"__export__.purchase_order_line_1553_31e9e3f5";"[12172828322] RC PRECISET RF 5x1 ml";"2019-09-14 14:28:04";"0.0";"l10n_it.1_22a";"20.46";"__export__.product_product_15340_9c2344d7";"__export__.purchase_order_218_d8248585";"10";"purchase";"__export__.uom_uom_22_b15e9a07";"0.0";"1.0";"1.0";"0.0";"1.0"
"__export__.purchase_order_line_1318_c5880132";"[25FK10] FOB SD 25 TEST";"2019-09-14 14:28:03";"0.0";"l10n_it.1_22a";"14.0";"__export__.product_product_18722_2ccf799c";"__export__.purchase_order_217_aabb7c50";"10";"purchase";"__export__.uom_uom_22_b15e9a07";"0.0";"10.0";"10.0";"0.0";"10.0"
"__export__.purchase_order_line_1333_3e55c640";"[X820001F] ROTAVIRUS/ADENOVIRUS feci 20T";"2019-09-15 14:28:03";"0.0";"l10n_it.1_22a";"63.0";"__export__.product_product_17332_25f74281";"__export__.purchase_order_217_aabb7c50";"10";"purchase";"__export__.uom_uom_22_b15e9a07";"0.0";"1.0";"1.0";"0.0";"1.0"
"__export__.purchase_order_line_1370_9f5a38e7";"[06FK10] SIFILIDE 3.0 30 test";"2019-09-18 14:28:03";"0.0";"l10n_it.1_22a";"16.47";"__export__.product_product_18732_20477f2b";"__export__.purchase_order_217_aabb7c50";"10";"purchase";"__export__.uom_uom_22_b15e9a07";"0.0";"2.0";"2.0";"0.0";"2.0"
"__export__.purchase_order_line_1458_f3bf7482";"[P820001V] H.PYLORI Ag (FECI) 20 test";"2019-09-18 14:28:03";"0.0";"l10n_it.1_22a";"90.0";"__export__.product_product_17327_4d30eebc";"__export__.purchase_order_217_aabb7c50";"10";"purchase";"__export__.uom_uom_22_b15e9a07";"0.0";"5.0";"5.0";"0.0";"5.0"
"__export__.purchase_order_line_1799_051d11fe";"[25FK10] FOB SD 25 TEST";"2019-09-14 14:28:03";"0.0";"l10n_it.1_22a";"0.0";"__export__.product_product_18722_2ccf799c";"__export__.purchase_order_217_aabb7c50";"11";"purchase";"__export__.uom_uom_22_b15e9a07";"0.0";"2.0";"2.0";"0.0";"2.0"
"__export__.purchase_order_line_1800_cf029f5e";"[P820001V] H.PYLORI Ag (FECI) 20 test";"2019-09-18 14:28:03";"0.0";"l10n_it.1_22a";"0.0";"__export__.product_product_17327_4d30eebc";"__export__.purchase_order_217_aabb7c50";"12";"purchase";"__export__.uom_uom_22_b15e9a07";"0.0";"1.0";"1.0";"0.0";"1.0"
"__export__.purchase_order_line_1283_5a37b65c";"[GA440500] H OMOCISTEINA 12,5+1x3,5ml";"2019-09-18 14:28:02";"0.0";"l10n_it.1_22a";"97.2";"__export__.product_product_15102_d567772f";"__export__.purchase_order_216_88c5894f";"10";"purchase";"__export__.uom_uom_22_b15e9a07";"0.0";"3.0";"3.0";"0.0";"3.0"
"__export__.purchase_order_line_1340_806e40aa";"[GD849400] H TRANSFERRINA 2x20ml";"2019-09-13 14:28:02";"0.0";"l10n_it.1_22a";"30.0";"__export__.product_product_15108_7218e018";"__export__.purchase_order_216_88c5894f";"10";"purchase";"__export__.uom_uom_22_b15e9a07";"0.0";"1.0";"1.0";"0.0";"1.0"
"__export__.purchase_order_line_1345_4c0482c4";"[GA457500] H GLUCOSIO 12x50ml";"2019-09-20 14:28:02";"0.0";"l10n_it.1_22a";"10.0";"__export__.product_product_15083_14389133";"__export__.purchase_order_216_88c5894f";"10";"purchase";"__export__.uom_uom_22_b15e9a07";"0.0";"1.0";"1.0";"0.0";"1.0"
"__export__.purchase_order_line_1363_969c6379";"[GA423100] H BILIRUBINA TOT. 10x20+1x10ml";"2019-09-20 14:28:02";"0.0";"l10n_it.1_22a";"9.0";"__export__.product_product_15054_3664945e";"__export__.purchase_order_216_88c5894f";"10";"purchase";"__export__.uom_uom_22_b15e9a07";"0.0";"1.0";"1.0";"0.0";"1.0"
"__export__.purchase_order_line_1753_8d2aab3a";"[GA437800] H COLESTEROLO HDL 6x45;6x15ml";"2019-09-21 14:28:02";"0.0";"l10n_it.1_22a";"105.0";"__export__.product_product_15066_a4ee9ee7";"__export__.purchase_order_216_88c5894f";"10";"purchase";"__export__.uom_uom_22_b15e9a07";"0.0";"1.0";"1.0";"0.0";"1.0"
"__export__.purchase_order_line_1754_88d8a371";"[GA434000] H COLESTEROLO TOT.12x50ml";"2019-09-20 14:28:02";"0.0";"l10n_it.1_22a";"14.5";"__export__.product_product_15069_b6e059cd";"__export__.purchase_order_216_88c5894f";"10";"purchase";"__export__.uom_uom_22_b15e9a07";"0.0";"1.0";"1.0";"0.0";"1.0"
"__export__.purchase_order_line_1765_6ebadb31";"[GD5036] FR LATEX 5ml 100 test";"2019-09-13 14:28:02";"0.0";"l10n_it.1_22a";"8.8";"__export__.product_product_16060_5496a503";"__export__.purchase_order_216_88c5894f";"10";"purchase";"__export__.uom_uom_22_b15e9a07";"0.0";"1.0";"1.0";"0.0";"1.0"
"__export__.purchase_order_line_1778_5c1302d6";"[GD5426 00] H HbA1c CALIBRATORE 4X0,5ml";"2019-09-18 14:28:02";"0.0";"l10n_it.1_22a";"33.0";"__export__.product_product_15089_2f7f6c41";"__export__.purchase_order_216_88c5894f";"10";"purchase";"__export__.uom_uom_22_b15e9a07";"0.0";"2.0";"2.0";"0.0";"2.0"
"__export__.purchase_order_line_1910_fafae90d";"[GD857700] H CALIBRATORE CH.CL. 6x3ml";"2019-09-13 14:28:02";"0.0";"l10n_it.1_22a";"40.0";"__export__.product_product_15059_d6d4571e";"__export__.purchase_order_216_88c5894f";"10";"purchase";"__export__.uom_uom_22_b15e9a07";"0.0";"2.0";"2.0";"0.0";"2.0"
"__export__.purchase_order_line_1972_6838ce64";"[GA471000] H PROTEINE TOTALI 10x50ml";"2019-09-13 14:28:02";"0.0";"l10n_it.1_22a";"6.0";"__export__.product_product_15104_23ee1ae6";"__export__.purchase_order_216_88c5894f";"10";"purchase";"__export__.uom_uom_22_b15e9a07";"0.0";"1.0";"1.0";"0.0";"1.0"
"__export__.purchase_order_line_2039_3dfa8e56";"[GA486500] H ACIDO URICO 12x50ml";"2019-09-13 14:28:02";"0.0";"l10n_it.1_22a";"13.0";"__export__.product_product_15048_ef932c31";"__export__.purchase_order_216_88c5894f";"10";"purchase";"__export__.uom_uom_22_b15e9a07";"0.0";"1.0";"1.0";"0.0";"1.0"
"__export__.purchase_order_line_1280_250d5349";"[3961] DILUENTE 100 PLUS 20lt";"2019-09-13 14:28:01";"28.0";"l10n_it.1_22a";"25.8";"__export__.product_product_16168_f4f60bda";"__export__.purchase_order_215_f474d118";"10";"purchase";"__export__.uom_uom_22_b15e9a07";"0.0";"8.0";"8.0";"0.0";"8.0"
"__export__.purchase_order_line_2614_abfa9f93";"[3438.1000PE] ABACUS RINSE VET 1lt";"2019-09-13 14:28:01";"28.0";"l10n_it.1_22a";"17.8";"__export__.product_product_18870_2ab39f75";"__export__.purchase_order_215_f474d118";"10";"purchase";"__export__.uom_uom_22_b15e9a07";"0.0";"2.0";"2.0";"0.0";"2.0"
"__export__.purchase_order_line_3277_e3388038";"[3970] CYMET 610 CN FREE 10 LT";"2019-09-13 14:28:01";"28.0";"l10n_it.1_22a";"79.2";"__export__.product_product_16154_5ec7beb4";"__export__.purchase_order_215_f474d118";"10";"purchase";"uom.product_uom_unit";"0.0";"1.0";"1.0";"0.0";"1.0"
"__export__.purchase_order_line_3278_79ea1602";"[3969] DILUID 610 20lt";"2019-09-13 14:28:01";"28.0";"l10n_it.1_22a";"25.9";"__export__.product_product_16172_c347072d";"__export__.purchase_order_215_f474d118";"10";"purchase";"uom.product_uom_unit";"0.0";"2.0";"2.0";"0.0";"2.0"
"__export__.purchase_order_line_3371_589f99dc";"[3469.9010PC] CYMET 3000 10lt";"2019-09-13 14:28:01";"0.0";"l10n_it.1_22a";"44.28";"__export__.product_product_16151_06950385";"__export__.purchase_order_215_f474d118";"10";"purchase";"__export__.uom_uom_22_b15e9a07";"0.0";"1.0";"1.0";"0.0";"1.0"
"__export__.purchase_order_line_3501_23a152ee";"[3825] CYMET 3500 CN FREE 5lt";"2019-09-13 14:28:01";"0.0";"l10n_it.1_22a";"65.22";"__export__.product_product_16153_03b7adc5";"__export__.purchase_order_215_f474d118";"10";"purchase";"__export__.uom_uom_22_b15e9a07";"0.0";"2.0";"2.0";"0.0";"2.0"
"__export__.purchase_order_line_3614_f75a7728";"[3947] BLANKING SOLUT.1600/2000 20lt";"2019-09-13 14:28:01";"0.0";"l10n_it.1_22a";"16.65";"__export__.product_product_16148_bc53bb5a";"__export__.purchase_order_215_f474d118";"11";"purchase";"__export__.uom_uom_22_b15e9a07";"0.0";"10.0";"10.0";"0.0";"10.0"
"__export__.purchase_order_line_3615_a0665af9";"[3968] CYMET III DIFF 1lt";"2019-09-13 14:28:01";"0.0";"l10n_it.1_22a";"32.54";"__export__.product_product_16161_93211902";"__export__.purchase_order_215_f474d118";"12";"purchase";"__export__.uom_uom_22_b15e9a07";"0.0";"4.0";"4.0";"0.0";"4.0"
"__export__.purchase_order_line_3616_de93eec4";"[39020100] PRO CLEAN CD 100ml";"2019-09-13 14:28:01";"28.0";"l10n_it.1_22a";"51.7";"__export__.product_product_16181_249b0b97";"__export__.purchase_order_215_f474d118";"13";"purchase";"__export__.uom_uom_22_b15e9a07";"0.0";"5.0";"5.0";"0.0";"5.0"
"__export__.purchase_order_line_1349_39152e03";"[4002055] BC2800 VET LISANTE 180ml";"2019-09-18 14:27:59";"0.0";"l10n_it.1_22a";"42.7";"__export__.product_product_18959_4a9fd304";"__export__.purchase_order_213_d76753c2";"10";"purchase";"__export__.uom_uom_22_b15e9a07";"0.0";"2.0";"2.0";"0.0";"2.0"
"__export__.purchase_order_line_1352_31a19e9e";"[4002053] BC2800 VET DILUENTE 5,5lt";"2019-09-13 14:27:59";"30.0";"l10n_it.1_22a";"18.5";"__export__.product_product_18957_060e4dab";"__export__.purchase_order_213_d76753c2";"10";"purchase";"uom.product_uom_unit";"0.0";"3.0";"3.0";"0.0";"3.0"
"__export__.purchase_order_line_1353_f016e072";"[801464D] BC2800 VET RINCE 2,3lt";"2019-09-18 14:27:59";"0.0";"l10n_it.1_22a";"9.8";"__export__.product_product_18961_7ce7a782";"__export__.purchase_order_213_d76753c2";"10";"purchase";"uom.product_uom_unit";"0.0";"3.0";"3.0";"0.0";"3.0"
"__export__.purchase_order_line_1401_34b07aab";"[4002056] BC2800 VET E-Z CLEANSER 100ml";"2019-09-13 14:27:59";"30.0";"l10n_it.1_22a";"41.5";"__export__.product_product_18958_d3aa06f8";"__export__.purchase_order_213_d76753c2";"10";"purchase";"uom.product_uom_unit";"0.0";"0.0";"0.0";"0.0";"0.0"
"__export__.purchase_order_line_1262_eb1d7fc0";"[2850] FD MAGNESIO 24 test";"2019-09-18 14:27:56";"0.0";"l10n_it.1_22a";"35.1";"__export__.product_product_19134_3b11b304";"__export__.purchase_order_211_1bd57ce5";"10";"purchase";"__export__.uom_uom_22_b15e9a07";"0.0";"1.0";"1.0";"0.0";"1.0"
"__export__.purchase_order_line_1269_5a494694";"[96214-10] HM CREATININA 10 TEST";"2019-09-14 14:27:56";"0.0";"l10n_it.1_22a";"11.6";"__export__.product_product_19154_37d70e72";"__export__.purchase_order_211_1bd57ce5";"10";"purchase";"__export__.uom_uom_22_b15e9a07";"0.0";"4.0";"4.0";"0.0";"4.0"
"__export__.purchase_order_line_1271_807da0ca";"[96208-10] HM GLUCOSIO 10 TEST";"2019-09-14 14:27:56";"0.0";"l10n_it.1_22a";"11.6";"__export__.product_product_19158_dea75850";"__export__.purchase_order_211_1bd57ce5";"10";"purchase";"__export__.uom_uom_22_b15e9a07";"0.0";"3.0";"3.0";"0.0";"3.0"
"__export__.purchase_order_line_1272_5d9162fc";"[96204-10] HM GOT-AST 10 TEST";"2019-09-14 14:27:56";"0.0";"l10n_it.1_22a";"11.6";"__export__.product_product_19159_2a4fa3c5";"__export__.purchase_order_211_1bd57ce5";"10";"purchase";"__export__.uom_uom_22_b15e9a07";"0.0";"3.0";"3.0";"0.0";"3.0"
"__export__.purchase_order_line_1273_9afc5ff0";"[96205-10] HM GPT-ALT 10 TEST";"2019-09-14 14:27:56";"0.0";"l10n_it.1_22a";"11.6";"__export__.product_product_19160_98d183ac";"__export__.purchase_order_211_1bd57ce5";"10";"purchase";"__export__.uom_uom_22_b15e9a07";"0.0";"3.0";"3.0";"0.0";"3.0"
"__export__.purchase_order_line_1274_20654372";"[96218-10] HM PROTEINE TOTALI 10 TEST";"2019-09-14 14:27:56";"0.0";"l10n_it.1_22a";"11.6";"__export__.product_product_19163_b23b5bbe";"__export__.purchase_order_211_1bd57ce5";"10";"purchase";"__export__.uom_uom_22_b15e9a07";"0.0";"2.0";"2.0";"0.0";"2.0"
"__export__.purchase_order_line_1275_a50ee1d7";"[96209-10] HM TRIGLICERIDI 10 TEST";"2019-09-14 14:27:56";"0.0";"l10n_it.1_22a";"11.6";"__export__.product_product_19164_628bd5db";"__export__.purchase_order_211_1bd57ce5";"10";"purchase";"__export__.uom_uom_22_b15e9a07";"0.0";"2.0";"2.0";"0.0";"2.0"
"__export__.purchase_order_line_1276_63671b1f";"[96216-10] HM UREA-BUN 10 TEST";"2019-09-14 14:27:56";"0.0";"l10n_it.1_22a";"11.6";"__export__.product_product_19165_8d1ba49d";"__export__.purchase_order_211_1bd57ce5";"10";"purchase";"__export__.uom_uom_22_b15e9a07";"0.0";"4.0";"4.0";"0.0";"4.0"
"__export__.purchase_order_line_1281_d2a03e9f";"[15809615] FD AUTO TIPS 576pz";"2019-09-18 14:27:56";"0.0";"l10n_it.1_22a";"103.5";"__export__.product_product_18902_3738d2c7";"__export__.purchase_order_211_1bd57ce5";"10";"purchase";"__export__.uom_uom_22_b15e9a07";"0.0";"1.0";"1.0";"0.0";"1.0"
"__export__.purchase_order_line_1288_80cd13a3";"[HM4201] EXIGO DILUENTE 1,9lt";"2019-09-14 14:27:56";"0.0";"l10n_it.1_22a";"25.2";"__export__.product_product_18874_f1f0dff9";"__export__.purchase_order_211_1bd57ce5";"10";"purchase";"uom.product_uom_unit";"0.0";"2.0";"2.0";"0.0";"2.0"
"__export__.purchase_order_line_1289_ccb2ea39";"[HM4202] EXIGO LYSE 1,9lt";"2019-09-14 14:27:56";"0.0";"l10n_it.1_22a";"135.5";"__export__.product_product_18875_e2785fa9";"__export__.purchase_order_211_1bd57ce5";"10";"purchase";"uom.product_uom_unit";"0.0";"1.0";"1.0";"0.0";"1.0"
"__export__.purchase_order_line_1290_472627dc";"[15809621] FD Na/K/Cl 24 test";"2019-09-13 14:27:56";"55.0";"l10n_it.1_22a";"154.0";"__export__.product_product_19135_9725d44c";"__export__.purchase_order_211_1bd57ce5";"10";"purchase";"__export__.uom_uom_22_b15e9a07";"0.0";"1.0";"1.0";"0.0";"1.0"
"__export__.purchase_order_line_1296_0cf73bb3";"[2350] FD CALCIO 24 test";"2019-09-13 14:27:56";"55.0";"l10n_it.1_22a";"64.0";"__export__.product_product_19121_8e1bc697";"__export__.purchase_order_211_1bd57ce5";"10";"purchase";"__export__.uom_uom_22_b15e9a07";"0.0";"3.0";"3.0";"0.0";"3.0"
"__export__.purchase_order_line_1303_44413747";"[4350] FD AMILASI 24 test";"2019-09-13 14:27:56";"55.0";"l10n_it.1_22a";"78.0";"__export__.product_product_15349_806f41c1";"__export__.purchase_order_211_1bd57ce5";"10";"purchase";"__export__.uom_uom_22_b15e9a07";"0.0";"5.0";"5.0";"0.0";"5.0"
"__export__.purchase_order_line_1306_9e87c621";"[2050] FD ALBUMINA 24 test";"2019-09-13 14:27:56";"55.0";"l10n_it.1_22a";"64.0";"__export__.product_product_19117_65f0ef16";"__export__.purchase_order_211_1bd57ce5";"10";"purchase";"__export__.uom_uom_22_b15e9a07";"0.0";"7.0";"7.0";"0.0";"7.0"
"__export__.purchase_order_line_1312_72e89762";"[2150] FD BILIRUB.TOT. 24 test";"2019-09-13 14:27:56";"55.0";"l10n_it.1_22a";"64.0";"__export__.product_product_19120_9480445f";"__export__.purchase_order_211_1bd57ce5";"10";"purchase";"__export__.uom_uom_22_b15e9a07";"0.0";"8.0";"8.0";"0.0";"8.0"
"__export__.purchase_order_line_1313_078f1e9b";"[1850] FD PROTEINE TOT. 24 test";"2019-09-13 14:27:56";"55.0";"l10n_it.1_22a";"64.0";"__export__.product_product_19136_a2182eed";"__export__.purchase_order_211_1bd57ce5";"10";"purchase";"__export__.uom_uom_22_b15e9a07";"0.0";"8.0";"8.0";"0.0";"8.0"
"__export__.purchase_order_line_1315_6416eb98";"[1050] FD GLUCOSIO 24 test";"2019-09-13 14:27:56";"55.0";"l10n_it.1_22a";"60.0";"__export__.product_product_19129_0659a1cb";"__export__.purchase_order_211_1bd57ce5";"10";"purchase";"__export__.uom_uom_22_b15e9a07";"0.0";"8.0";"8.0";"0.0";"8.0"
"__export__.purchase_order_line_1317_ddf0f8e3";"[3150] FD GOT 24 test";"2019-09-13 14:27:56";"55.0";"l10n_it.1_22a";"60.0";"__export__.product_product_19130_2d9590c5";"__export__.purchase_order_211_1bd57ce5";"10";"purchase";"__export__.uom_uom_22_b15e9a07";"0.0";"10.0";"10.0";"0.0";"10.0"
"__export__.purchase_order_line_1321_f5380af5";"[1150] FD UREA-BUN 24 test";"2019-09-13 14:27:56";"55.0";"l10n_it.1_22a";"64.0";"__export__.product_product_19140_99e2b252";"__export__.purchase_order_211_1bd57ce5";"10";"purchase";"__export__.uom_uom_22_b15e9a07";"0.0";"15.0";"15.0";"0.0";"15.0"
"__export__.purchase_order_line_1323_d4732c6f";"[1750] FD CREATININA 24 test";"2019-09-13 14:27:56";"55.0";"l10n_it.1_22a";"66.0";"__export__.product_product_19125_14d4ef97";"__export__.purchase_order_211_1bd57ce5";"10";"purchase";"__export__.uom_uom_22_b15e9a07";"0.0";"10.0";"10.0";"0.0";"10.0"
"__export__.purchase_order_line_1375_c59e0088";"[3550] FD ALP 24 test";"2019-09-13 14:27:56";"55.0";"l10n_it.1_22a";"64.0";"__export__.product_product_19118_935b8246";"__export__.purchase_order_211_1bd57ce5";"10";"purchase";"__export__.uom_uom_22_b15e9a07";"0.0";"8.0";"8.0";"0.0";"8.0"
"__export__.purchase_order_line_1379_6360fed6";"[3250] FD GPT 24 test";"2019-09-13 14:27:56";"55.0";"l10n_it.1_22a";"60.0";"__export__.product_product_19131_75007967";"__export__.purchase_order_211_1bd57ce5";"10";"purchase";"__export__.uom_uom_22_b15e9a07";"0.0";"15.0";"15.0";"0.0";"15.0"
"__export__.purchase_order_line_1392_7397e6ab";"[1450] FD COLESTEROLO 24 test";"2019-09-14 14:27:56";"0.0";"l10n_it.1_22a";"36.0";"__export__.product_product_19122_e49f63fb";"__export__.purchase_order_211_1bd57ce5";"10";"purchase";"__export__.uom_uom_22_b15e9a07";"0.0";"2.0";"2.0";"0.0";"2.0"
"__export__.purchase_order_line_1398_6c9f76f9";"[1650] FD TRIGLICERIDI 24 test";"2019-09-14 14:27:56";"0.0";"l10n_it.1_22a";"36.0";"__export__.product_product_19138_83420059";"__export__.purchase_order_211_1bd57ce5";"10";"purchase";"__export__.uom_uom_22_b15e9a07";"0.0";"2.0";"2.0";"0.0";"2.0"
"__export__.purchase_order_line_1595_bb93121a";"[4450] FD LIPASI 24 test";"2019-09-18 14:27:56";"0.0";"l10n_it.1_22a";"40.5";"__export__.product_product_19133_8afcbf1b";"__export__.purchase_order_211_1bd57ce5";"10";"purchase";"__export__.uom_uom_22_b15e9a07";"0.0";"2.0";"2.0";"0.0";"2.0"
"__export__.purchase_order_line_1607_8ac97423";"[3050] FD GGT 24 test";"2019-09-13 14:27:56";"55.0";"l10n_it.1_22a";"78.0";"__export__.product_product_19128_703885cf";"__export__.purchase_order_211_1bd57ce5";"10";"purchase";"__export__.uom_uom_22_b15e9a07";"0.0";"3.0";"3.0";"0.0";"3.0"
"__export__.purchase_order_line_1833_0df11f88";"[96219-10] HM ALBUMINA 10 TEST";"2019-09-14 14:27:56";"0.0";"l10n_it.1_22a";"11.6";"__export__.product_product_19148_80477372";"__export__.purchase_order_211_1bd57ce5";"10";"purchase";"__export__.uom_uom_22_b15e9a07";"0.0";"2.0";"2.0";"0.0";"2.0"
"__export__.purchase_order_line_1834_c178ac0d";"[96210-10] HM COLESTEROLO 10 TEST";"2019-09-14 14:27:56";"0.0";"l10n_it.1_22a";"11.6";"__export__.product_product_19153_baed2929";"__export__.purchase_order_211_1bd57ce5";"10";"purchase";"__export__.uom_uom_22_b15e9a07";"0.0";"2.0";"2.0";"0.0";"2.0"
"__export__.purchase_order_line_1835_b5b1077d";"[96202-10] HM GGT 10 TEST";"2019-09-14 14:27:56";"0.0";"l10n_it.1_22a";"11.6";"__export__.product_product_19157_30d0af4c";"__export__.purchase_order_211_1bd57ce5";"10";"purchase";"__export__.uom_uom_22_b15e9a07";"0.0";"2.0";"2.0";"0.0";"2.0"
"__export__.purchase_order_line_1926_30ad3321";"[2450] FD FOSFORO INORGANICO 24 test";"2019-09-13 14:27:56";"55.0";"l10n_it.1_22a";"97.0";"__export__.product_product_19127_c0c744bf";"__export__.purchase_order_211_1bd57ce5";"10";"purchase";"__export__.uom_uom_22_b15e9a07";"0.0";"2.0";"2.0";"1.0";"3.0"
"__export__.purchase_order_line_1319_d6c76a6f";"[717116] ANTI D BIOCLONE 10ml ORTHO";"2019-09-14 14:27:54";"0.0";"l10n_it.1_22a";"45.0";"__export__.product_product_17467_c4f0e072";"__export__.purchase_order_209_2b9af031";"10";"purchase";"__export__.uom_uom_22_b15e9a07";"0.0";"3.0";"3.0";"0.0";"3.0"
"__export__.purchase_order_line_1346_516b7dcb";"[4784596190] RE CMV IgG + CAL 100 test";"2019-09-14 14:27:54";"0.0";"l10n_it.1_22a";"95.0";"__export__.product_product_17016_0afa7b4e";"__export__.purchase_order_209_2b9af031";"10";"purchase";"__export__.uom_uom_22_b15e9a07";"0.0";"1.0";"1.0";"0.0";"1.0"
"__export__.purchase_order_line_1394_8a099f69";"[4784618190] RE CMV IgM + CAL 100 test";"2019-09-14 14:27:54";"0.0";"l10n_it.1_22a";"95.0";"__export__.product_product_17017_a40d8e1b";"__export__.purchase_order_209_2b9af031";"10";"purchase";"__export__.uom_uom_22_b15e9a07";"0.0";"1.0";"1.0";"0.0";"1.0"
"__export__.purchase_order_line_1258_d7ce70ee";"[17106] S RAME 5x10;1x3ml";"2019-09-15 14:27:53";"0.0";"l10n_it.1_22a";"36.48";"__export__.product_product_15532_db0292db";"__export__.purchase_order_208_077c61a0";"10";"purchase";"__export__.uom_uom_22_b15e9a07";"0.0";"1.0";"1.0";"0.0";"1.0"
"__export__.purchase_order_line_1263_2caef9a2";"[11532] S CRP CAL 7x2ml";"2019-09-15 14:27:53";"0.0";"l10n_it.1_22a";"132.5";"__export__.product_product_15510_88a33149";"__export__.purchase_order_208_077c61a0";"10";"purchase";"__export__.uom_uom_22_b15e9a07";"0.0";"1.0";"1.0";"0.0";"1.0"
"__export__.purchase_order_line_1264_e9957e6d";"[11523D] S RF LATEX CALIBRATORE 5X1ml";"2019-09-15 14:27:53";"0.0";"l10n_it.1_22a";"105.35";"__export__.product_product_15533_ccc07ed1";"__export__.purchase_order_208_077c61a0";"10";"purchase";"__export__.uom_uom_22_b15e9a07";"0.0";"1.0";"1.0";"0.0";"1.0"
"__export__.purchase_order_line_1316_36c5f1c1";"[17629H] D UREA 3x65+20ml";"2019-09-17 14:27:53";"0.0";"l10n_it.1_22a";"12.5";"__export__.product_product_15500_074ed694";"__export__.purchase_order_208_077c61a0";"10";"purchase";"__export__.uom_uom_22_b15e9a07";"0.0";"13.0";"13.0";"0.0";"13.0"
"__export__.purchase_order_line_1328_2a5a965d";"[1152001] D ASO CALIBR. 5x1x1ml";"2019-09-15 14:27:53";"0.0";"l10n_it.1_22a";"74.2";"__export__.product_product_15460_232b6a8b";"__export__.purchase_order_208_077c61a0";"10";"purchase";"__export__.uom_uom_22_b15e9a07";"0.0";"1.0";"1.0";"0.0";"1.0"
"__export__.purchase_order_line_1329_a1543142";"[11130D] D TRANSFERRINA 2x50+2x4ml";"2019-09-13 14:27:53";"84.0";"l10n_it.1_22a";"228.0";"__export__.product_product_15498_4cb65ed7";"__export__.purchase_order_208_077c61a0";"10";"purchase";"__export__.uom_uom_22_b15e9a07";"0.0";"0.0";"0.0";"0.0";"0.0"
"__export__.purchase_order_line_1354_bf3a650f";"[17658H] D ACIDO URICO 4x65ml";"2019-09-18 14:27:53";"0.0";"l10n_it.1_22a";"15.0";"__export__.product_product_15452_65fe2c60";"__export__.purchase_order_208_077c61a0";"10";"purchase";"__export__.uom_uom_22_b15e9a07";"0.0";"4.0";"4.0";"0.0";"4.0"
"__export__.purchase_order_line_1356_8433ab0b";"[17644H] D COLESTEROLO 6x65ml";"2019-09-18 14:27:53";"0.0";"l10n_it.1_22a";"18.0";"__export__.product_product_15468_fb10db21";"__export__.purchase_order_208_077c61a0";"10";"purchase";"__export__.uom_uom_22_b15e9a07";"0.0";"4.0";"4.0";"0.0";"4.0"
"__export__.purchase_order_line_1371_ec7d2f45";"[17019H] D COLINESTERASI 2x50+20ml";"2019-09-18 14:27:53";"0.0";"l10n_it.1_22a";"14.0";"__export__.product_product_15471_1ec67355";"__export__.purchase_order_208_077c61a0";"10";"purchase";"__export__.uom_uom_22_b15e9a07";"0.0";"3.0";"3.0";"0.0";"3.0"
"__export__.purchase_order_line_1402_a4b4c058";"[17616H] D LIPASI COLOR 4x50+2x21ml";"2019-09-18 14:27:53";"0.0";"l10n_it.1_22a";"93.0";"__export__.product_product_15488_2f00bdf2";"__export__.purchase_order_208_077c61a0";"10";"purchase";"__export__.uom_uom_22_b15e9a07";"0.0";"3.0";"3.0";"0.0";"3.0"
"__export__.purchase_order_line_1403_4f30f177";"[17620H] D PROTEINE TOTALI 6x65ml";"2019-09-18 14:27:53";"0.0";"l10n_it.1_22a";"15.2";"__export__.product_product_15495_19335a8b";"__export__.purchase_order_208_077c61a0";"10";"purchase";"__export__.uom_uom_22_b15e9a07";"0.0";"5.0";"5.0";"0.0";"5.0"
"__export__.purchase_order_line_1407_cd33d13e";"[17648H] D FERRO FERENE 3x65+15ml";"2019-09-18 14:27:53";"0.0";"l10n_it.1_22a";"19.0";"__export__.product_product_15477_42a848da";"__export__.purchase_order_208_077c61a0";"10";"purchase";"__export__.uom_uom_22_b15e9a07";"0.0";"5.0";"5.0";"0.0";"5.0"
"__export__.purchase_order_line_1450_879490b6";"[11506H] D RF LATEX 1x42+1x16ml";"2019-09-18 14:27:53";"0.0";"l10n_it.1_22a";"50.02";"__export__.product_product_15497_f02ccd1c";"__export__.purchase_order_208_077c61a0";"10";"purchase";"__export__.uom_uom_22_b15e9a07";"0.0";"2.0";"2.0";"0.0";"2.0"
"__export__.purchase_order_line_1505_e5c33b35";"[17643H] D BILIRUBINA DIRETTA 4x45+15ml";"2019-09-18 14:27:53";"0.0";"l10n_it.1_22a";"13.0";"__export__.product_product_15463_e694b5f6";"__export__.purchase_order_208_077c61a0";"10";"purchase";"__export__.uom_uom_22_b15e9a07";"0.0";"1.0";"1.0";"0.0";"1.0"
"__export__.purchase_order_line_1506_69644985";"[17637H] D MAGNESIO 6x20ml";"2019-09-18 14:27:53";"0.0";"l10n_it.1_22a";"15.75";"__export__.product_product_15490_561568ce";"__export__.purchase_order_208_077c61a0";"10";"purchase";"__export__.uom_uom_22_b15e9a07";"0.0";"2.0";"2.0";"0.0";"2.0"
"__export__.purchase_order_line_1524_2816d1dc";"[17609H] D CREATININA 3x65+3x65ml";"2019-09-18 14:27:53";"0.0";"l10n_it.1_22a";"13.0";"__export__.product_product_15473_84abc705";"__export__.purchase_order_208_077c61a0";"10";"purchase";"__export__.uom_uom_22_b15e9a07";"0.0";"3.0";"3.0";"0.0";"3.0"
"__export__.purchase_order_line_1532_71c34889";"[17224H] D GOT/AST UV 2x65+19ml";"2019-09-18 14:27:53";"0.0";"l10n_it.1_22a";"12.16";"__export__.product_product_15484_dfb730ca";"__export__.purchase_order_208_077c61a0";"10";"purchase";"__export__.uom_uom_22_b15e9a07";"0.0";"10.0";"10.0";"0.0";"10.0"
"__export__.purchase_order_line_1533_a0efff8d";"[17234H] D GPT/ALT UV 2x65+19ml";"2019-09-18 14:27:53";"0.0";"l10n_it.1_22a";"11.5";"__export__.product_product_15485_615f7414";"__export__.purchase_order_208_077c61a0";"10";"purchase";"__export__.uom_uom_22_b15e9a07";"0.0";"10.0";"10.0";"0.0";"10.0"
"__export__.purchase_order_line_1600_2bf6cb93";"[17401B] S LIPASI COLOR + CAL 4x10+8ml";"2019-09-15 14:27:53";"0.0";"l10n_it.1_22a";"41.28";"__export__.product_product_15525_456bbe18";"__export__.purchase_order_208_077c61a0";"10";"purchase";"__export__.uom_uom_22_b15e9a07";"0.0";"2.0";"2.0";"0.0";"2.0"
"__export__.purchase_order_line_1256_2839b985";"[500-0040-12] AV MAMALIAN LIVER PROFILE 12 TEST";"2019-09-20 14:27:52";"0.0";"l10n_it.1_22a";"139.0";"__export__.product_product_20771_102282ec";"__export__.purchase_order_207_81692179";"10";"purchase";"__export__.uom_uom_22_b15e9a07";"0.0";"1.0";"1.0";"0.0";"1.0"
"__export__.purchase_order_line_1257_aa301105";"[500-0042-12] AV CRITICAL CARE PLUS 12 TEST";"2019-09-20 14:27:52";"0.0";"l10n_it.1_22a";"148.0";"__export__.product_product_20772_716a699a";"__export__.purchase_order_207_81692179";"10";"purchase";"__export__.uom_uom_22_b15e9a07";"0.0";"1.0";"1.0";"0.0";"1.0"
"__export__.purchase_order_line_1414_8112e5f1";"[317147] AV COMPREHENSIVE DIAG.PROF.12";"2019-09-16 13:32:12";"0.0";"l10n_it.1_22a";"144.0";"__export__.product_product_20619_c6b7aed4";"__export__.purchase_order_207_81692179";"11";"purchase";"uom.product_uom_unit";"0.0";"11.0";"11.0";"0.0";"11.0"
"__export__.purchase_order_line_1415_c6a56ea5";"[317145] AV PREP PROFILE II 12 Test";"2019-09-16 13:32:40";"0.0";"l10n_it.1_22a";"139.0";"__export__.product_product_20623_2d0f4349";"__export__.purchase_order_207_81692179";"12";"purchase";"uom.product_uom_unit";"0.0";"4.0";"4.0";"0.0";"4.0"
"__export__.purchase_order_line_1416_f96a788b";"[317146] AV T4 COLESTEROLO PROF.12 Test";"2019-09-16 13:33:17";"0.0";"l10n_it.1_22a";"136.0";"__export__.product_product_20626_1ebf9982";"__export__.purchase_order_207_81692179";"13";"purchase";"uom.product_uom_unit";"0.0";"1.0";"1.0";"0.0";"1.0"
"__export__.purchase_order_line_1417_be6c63b2";"[500-0045-12] AV KIDNEY PROFILE PLUS";"2019-09-20 14:27:52";"0.0";"l10n_it.1_22a";"129.0";"__export__.product_product_20622_31c4e2a9";"__export__.purchase_order_207_81692179";"14";"purchase";"uom.product_uom_unit";"0.0";"1.0";"1.0";"0.0";"1.0"
"__export__.purchase_order_line_1255_78f33ee7";"[100000790] H.PYLORI PRONTO DRY 50t GASTRS";"2019-09-18 14:27:50";"0.0";"l10n_it.1_22a";"107.5";"__export__.product_product_17403_b7367884";"__export__.purchase_order_206_54a96e08";"10";"purchase";"__export__.uom_uom_22_b15e9a07";"0.0";"2.0";"2.0";"0.0";"2.0"
"__export__.purchase_order_line_1327_fa01be78";"[10026003] COLON CHECK 20 test";"2019-09-14 14:27:50";"0.0";"l10n_it.1_22a";"96.0";"__export__.product_product_18723_41ca3ddd";"__export__.purchase_order_206_54a96e08";"10";"purchase";"__export__.uom_uom_22_b15e9a07";"0.0";"1.0";"1.0";"0.0";"1.0"
"__export__.purchase_order_line_1184_4419dd3f";"[95250] MASTRING PSEUDOMONAS 100 TEST";"2019-09-13 14:28:39";"0.0";"l10n_it.1_22a";"58.44";"__export__.product_product_15822_833d43d3";"__export__.purchase_order_204_a28ba057";"10";"purchase";"__export__.uom_uom_22_b15e9a07";"0.0";"1.0";"1.0";"0.0";"1.0"
"__export__.purchase_order_line_1208_45b79e9f";"[93006] TRANSFERRINA 1X12 TEST";"2019-09-17 14:28:39";"0.0";"l10n_it.1_22a";"12.69";"__export__.product_product_17454_2cdc80c3";"__export__.purchase_order_204_a28ba057";"10";"purchase";"__export__.uom_uom_22_b15e9a07";"0.0";"3.0";"3.0";"0.0";"3.0"
"__export__.purchase_order_line_1209_ec054b70";"[9025/1] FOSFOMICINA FOS 50ug 50 test";"2019-09-17 14:28:39";"0.0";"l10n_it.1_22a";"3.48";"__export__.product_product_15755_c96500de";"__export__.purchase_order_204_a28ba057";"10";"purchase";"__export__.uom_uom_22_b15e9a07";"0.0";"5.0";"5.0";"0.0";"5.0"
"__export__.purchase_order_line_1227_8b129197";"[610610] E COLI/COLIFORMI 500gr";"2019-09-15 14:28:39";"0.0";"l10n_it.1_22a";"258.0";"__export__.product_product_15731_3431b05c";"__export__.purchase_order_204_a28ba057";"10";"purchase";"__export__.uom_uom_22_b15e9a07";"0.0";"1.0";"1.0";"0.0";"1.0"
"__export__.purchase_order_line_1228_c062c6ca";"[71709] ENTEROPLURI CODE BOOK 1pz";"2019-09-15 14:28:39";"0.0";"l10n_it.1_22a";"15.47";"__export__.product_product_15740_f067a1fe";"__export__.purchase_order_204_a28ba057";"10";"purchase";"uom.product_uom_unit";"0.0";"1.0";"1.0";"0.0";"1.0"
"__export__.purchase_order_line_1231_efdeaf8c";"[71822] INTEGRAL SYSTEM YEASTS 20 test";"2019-09-17 14:28:39";"0.0";"l10n_it.1_22a";"80.34";"__export__.product_product_15783_0d06bf49";"__export__.purchase_order_204_a28ba057";"10";"purchase";"__export__.uom_uom_22_b15e9a07";"0.0";"1.0";"1.0";"0.0";"1.0"
"__export__.purchase_order_line_1232_02e3d966";"[80271] KOVAC'S REAGENT 4x25ml";"2019-09-17 14:28:39";"0.0";"l10n_it.1_22a";"23.52";"__export__.product_product_15791_cefab0e7";"__export__.purchase_order_204_a28ba057";"10";"purchase";"__export__.uom_uom_22_b15e9a07";"0.0";"1.0";"1.0";"0.0";"1.0"
"__export__.purchase_order_line_1237_d15daefe";"[96017] STAPH CHECK LATEX 50 test";"2019-09-13 14:28:39";"0.0";"l10n_it.1_22a";"55.0";"__export__.product_product_15953_e1f581a3";"__export__.purchase_order_204_a28ba057";"10";"purchase";"__export__.uom_uom_22_b15e9a07";"0.0";"1.0";"1.0";"0.0";"1.0"
"__export__.purchase_order_line_1239_ca5fac9e";"[610052] TRYPTIC SOY AGAR 500gr";"2019-09-13 14:28:39";"0.0";"l10n_it.1_22a";"41.52";"__export__.product_product_15992_2b48d2f3";"__export__.purchase_order_204_a28ba057";"10";"purchase";"__export__.uom_uom_22_b15e9a07";"0.0";"1.0";"1.0";"0.0";"1.0"
"__export__.purchase_order_line_1240_80513c0b";"[80281] V.P. TEST EP 100/200 test";"2019-09-17 14:28:39";"0.0";"l10n_it.1_22a";"21.21";"__export__.product_product_16010_e70eb936";"__export__.purchase_order_204_a28ba057";"10";"purchase";"__export__.uom_uom_22_b15e9a07";"0.0";"2.0";"2.0";"0.0";"2.0"
"__export__.purchase_order_line_1278_2932e531";"[11025] COLUMBIA AGAR SHEEP 20 test";"2019-09-17 14:28:39";"0.0";"l10n_it.1_22a";"6.49";"__export__.product_product_15712_e48527a5";"__export__.purchase_order_204_a28ba057";"10";"purchase";"__export__.uom_uom_22_b15e9a07";"0.0";"1.0";"1.0";"0.0";"1.0"
"__export__.purchase_order_line_1302_2358777b";"[9056/1] CIPROFLOXACIN CIP 5ug 50 test";"2019-09-17 14:28:39";"0.0";"l10n_it.1_22a";"3.48";"__export__.product_product_15699_52616e2d";"__export__.purchase_order_204_a28ba057";"10";"purchase";"__export__.uom_uom_22_b15e9a07";"0.0";"5.0";"5.0";"0.0";"5.0"
"__export__.purchase_order_line_1310_bc8c8c1c";"[11611] CHROMATIC DETECTION 20 test";"2019-09-15 14:28:39";"0.0";"l10n_it.1_22a";"17.49";"__export__.product_product_15690_25bb6113";"__export__.purchase_order_204_a28ba057";"10";"purchase";"__export__.uom_uom_22_b15e9a07";"0.0";"8.0";"8.0";"0.0";"8.0"
"__export__.purchase_order_line_1314_62b0af5a";"[10031] MUELLER HINTON AGAR 20 test";"2019-09-13 14:28:39";"0.0";"l10n_it.1_22a";"5.57";"__export__.product_product_15844_54f176ef";"__export__.purchase_order_204_a28ba057";"10";"purchase";"__export__.uom_uom_22_b15e9a07";"0.0";"7.0";"7.0";"0.0";"7.0"
"__export__.purchase_order_line_1326_2814c72b";"[9152/1] CEFOTAXIME 5ug 50 TEST";"2019-09-17 14:28:39";"0.0";"l10n_it.1_22a";"3.48";"__export__.product_product_15661_61a38b1a";"__export__.purchase_order_204_a28ba057";"10";"purchase";"__export__.uom_uom_22_b15e9a07";"0.0";"5.0";"5.0";"0.0";"5.0"
"__export__.purchase_order_line_1335_5f772518";"[9110/1] TRIMETHOPRIM TM 50 test";"2019-09-17 14:28:39";"0.0";"l10n_it.1_22a";"3.48";"__export__.product_product_15988_85c7ef54";"__export__.purchase_order_204_a28ba057";"10";"purchase";"__export__.uom_uom_22_b15e9a07";"0.0";"5.0";"5.0";"0.0";"5.0"
"__export__.purchase_order_line_1367_40c24316";"[500232] URINOTUBE CET/CLED/MAC 20 test";"2019-09-17 14:28:39";"0.0";"l10n_it.1_22a";"7.72";"__export__.product_product_16003_72a98dc4";"__export__.purchase_order_204_a28ba057";"10";"purchase";"__export__.uom_uom_22_b15e9a07";"0.0";"1.0";"1.0";"0.0";"1.0"
"__export__.purchase_order_line_1376_97bb6ef9";"[11024] COLUMBIA CNA AGAR 20 test";"2019-09-13 14:28:39";"0.0";"l10n_it.1_22a";"6.49";"__export__.product_product_15714_9c13febe";"__export__.purchase_order_204_a28ba057";"10";"purchase";"__export__.uom_uom_22_b15e9a07";"0.0";"5.0";"5.0";"0.0";"5.0"
"__export__.purchase_order_line_1383_d9ff652d";"[95280] MASTRING YEASTS 100 TEST";"2019-09-13 14:28:39";"0.0";"l10n_it.1_22a";"58.44";"__export__.product_product_15826_8d12d60b";"__export__.purchase_order_204_a28ba057";"10";"purchase";"__export__.uom_uom_22_b15e9a07";"0.0";"1.0";"1.0";"0.0";"1.0"
"__export__.purchase_order_line_1566_da47b8e9";"[10061] PSEUDOMONAS SELEC.AGAR 20test";"2019-09-15 14:28:39";"0.0";"l10n_it.1_22a";"10.92";"__export__.product_product_15909_db0f0b43";"__export__.purchase_order_204_a28ba057";"11";"purchase";"__export__.uom_uom_22_b15e9a07";"0.0";"2.0";"2.0";"0.0";"2.0"
"__export__.purchase_order_line_1567_c08ed352";"[24154] ACETAMIDE BROTH 5ml 20 TUBE";"2019-09-13 14:28:39";"0.0";"l10n_it.1_22a";"13.8";"__export__.product_product_15597_28eec395";"__export__.purchase_order_204_a28ba057";"12";"purchase";"__export__.uom_uom_22_b15e9a07";"0.0";"2.0";"2.0";"0.0";"2.0"
"__export__.purchase_order_line_1568_cf655bc9";"[163852] CHROMATIC COLIFORM AGAR 20test";"2019-09-15 14:28:39";"0.0";"l10n_it.1_22a";"20.14";"__export__.product_product_15688_0d3af140";"__export__.purchase_order_204_a28ba057";"13";"purchase";"__export__.uom_uom_22_b15e9a07";"0.0";"3.0";"3.0";"0.0";"3.0"
"__export__.purchase_order_line_1569_8ecf9c83";"[610040] PLATE COUNT AGAR 500gr";"2019-09-17 14:28:39";"0.0";"l10n_it.1_22a";"44.82";"__export__.product_product_15896_6d259275";"__export__.purchase_order_204_a28ba057";"14";"purchase";"__export__.uom_uom_22_b15e9a07";"0.0";"2.0";"2.0";"0.0";"2.0"
"__export__.purchase_order_line_1570_2368a280";"[610103] SABOURAUD AGAR 500gr";"2019-09-15 14:28:39";"0.0";"l10n_it.1_22a";"31.8";"__export__.product_product_15926_37da923c";"__export__.purchase_order_204_a28ba057";"15";"purchase";"__export__.uom_uom_22_b15e9a07";"0.0";"1.0";"1.0";"0.0";"1.0"
"__export__.purchase_order_line_1120_e6a1e1dc";"[87116E] KOVA Stain 3x25ml";"2019-09-13 07:44:06";"0.0";"l10n_it.1_22a";"39.0";"__export__.product_product_16325_a4abdc0b";"__export__.purchase_order_199_3a7c3467";"10";"purchase";"__export__.uom_uom_22_b15e9a07";"0.0";"1.0";"1.0";"0.0";"1.0"
"__export__.purchase_order_line_1410_43745168";"[88205] KOVA DROPPER NORM/ABN 2x5ml";"2019-09-13 07:44:06";"0.0";"l10n_it.1_22a";"21.0";"__export__.product_product_18498_1a4a690c";"__export__.purchase_order_199_3a7c3467";"10";"purchase";"__export__.uom_uom_22_b15e9a07";"0.0";"1.0";"1.0";"0.0";"1.0"
"__export__.purchase_order_line_2738_cc7119dc";"[EO501305] FAST READ 100x10 test";"2019-09-12 07:44:06";"0.0";"l10n_it.1_22a";"37.0";"__export__.product_product_18207_8140fe34";"__export__.purchase_order_199_3a7c3467";"11";"purchase";"__export__.uom_uom_22_b15e9a07";"0.0";"5.0";"5.0";"0.0";"5.0"
"__export__.purchase_order_line_1111_5d899fcb";"[23303] DIASTROMLYSER SYS FBA 5lt";"2019-09-17 07:43:56";"0.0";"l10n_it.1_22a";"63.0";"__export__.product_product_16246_98a413d1";"__export__.purchase_order_198_b934a789";"10";"purchase";"__export__.uom_uom_22_b15e9a07";"0.0";"1.0";"1.0";"0.0";"1.0"
"__export__.purchase_order_line_1112_9ab575fc";"[23301] DIASTROMLYSER SYS FD1 5lt";"2019-09-13 07:43:56";"0.0";"l10n_it.1_22a";"63.0";"__export__.product_product_16247_636ba8d5";"__export__.purchase_order_198_b934a789";"10";"purchase";"__export__.uom_uom_22_b15e9a07";"0.0";"1.0";"1.0";"0.0";"1.0"
"__export__.purchase_order_line_1061_eb010ac1";"[ISIDE4] ABACUS LYSE VET 1lt";"2019-09-13 07:43:25";"0.0";"l10n_it.1_22a";"42.9";"__export__.product_product_18882_4cfe8e7c";"__export__.purchase_order_195_b387f03c";"10";"purchase";"uom.product_uom_unit";"0.0";"2.0";"2.0";"0.0";"2.0"
"__export__.purchase_order_line_1129_d2723423";"[SKYLA4] PANEL DIAGN.PLUS 13+4 PAR 20T";"2019-09-13 07:43:25";"0.0";"l10n_it.1_22a";"304.0";"__export__.product_product_19274_9e8a765a";"__export__.purchase_order_195_b387f03c";"10";"purchase";"__export__.uom_uom_22_b15e9a07";"0.0";"1.0";"1.0";"0.0";"1.0"
"__export__.purchase_order_line_1357_9f772af2";"[TEST5] FIV & FELV 10+10 tests";"2019-09-13 07:43:25";"0.0";"l10n_it.1_22a";"48.75";"__export__.product_product_18895_a1e198a5";"__export__.purchase_order_195_b387f03c";"10";"purchase";"__export__.uom_uom_22_b15e9a07";"0.0";"1.0";"1.0";"0.0";"1.0"
"__export__.purchase_order_line_1002_ee24343f";"[B0315] NM CALPROTECTINA QUANT.20 test";"2019-09-17 07:43:14";"0.0";"l10n_it.1_22a";"120.0";"__export__.product_product_17343_8cdbb364";"__export__.purchase_order_193_4e6bc47f";"10";"purchase";"__export__.uom_uom_22_b15e9a07";"0.0";"1.0";"1.0";"0.0";"1.0"
"__export__.purchase_order_line_1030_8a0f9702";"[B0228] NM SANGUE OCCULTO QUAN.100test";"2019-09-17 07:43:14";"0.0";"l10n_it.1_22a";"90.0";"__export__.product_product_17346_100a9033";"__export__.purchase_order_193_4e6bc47f";"10";"purchase";"__export__.uom_uom_22_b15e9a07";"0.0";"1.0";"1.0";"0.0";"1.0"
"__export__.purchase_order_line_1064_2fdcc02d";"[B0301] NM TETANO QUANTITAT.25 test";"2019-09-13 07:43:14";"0.0";"l10n_it.1_22a";"70.0";"__export__.product_product_17349_1c42622f";"__export__.purchase_order_193_4e6bc47f";"10";"purchase";"__export__.uom_uom_22_b15e9a07";"0.0";"7.0";"7.0";"0.0";"7.0"
"__export__.purchase_order_line_1127_45863bd4";"[I2600] MARIUANA 10 TEST";"2019-09-17 07:43:14";"0.0";"l10n_it.1_22a";"6.5";"__export__.product_product_18747_6e1e15ca";"__export__.purchase_order_193_4e6bc47f";"10";"purchase";"__export__.uom_uom_22_b15e9a07";"0.0";"1.0";"1.0";"0.0";"1.0"
"__export__.purchase_order_line_1213_06c32822";"[I4659] STREP A 60test";"2019-09-17 07:43:14";"0.0";"l10n_it.1_22a";"40.0";"__export__.product_product_18718_0713b864";"__export__.purchase_order_193_4e6bc47f";"10";"purchase";"__export__.uom_uom_22_b15e9a07";"0.0";"5.0";"5.0";"0.0";"5.0"
"__export__.purchase_order_line_998_da3f213a";"[ICHR040] IC TROPONINA I 25 test";"2019-09-17 07:43:13";"0.0";"l10n_it.1_22a";"55.0";"__export__.product_product_17389_8cb07916";"__export__.purchase_order_192_6c79e2a2";"10";"purchase";"__export__.uom_uom_22_b15e9a07";"0.0";"1.0";"1.0";"0.0";"1.0"
"__export__.purchase_order_line_1015_0f3364d5";"[GOOC] SIERO DI COOMBS 10ml";"2019-09-17 07:43:13";"0.0";"l10n_it.1_22a";"22.43";"__export__.product_product_17474_a4271e14";"__export__.purchase_order_192_6c79e2a2";"10";"purchase";"__export__.uom_uom_22_b15e9a07";"0.0";"1.0";"1.0";"0.0";"1.0"
"__export__.purchase_order_line_1057_0aa28ca9";"[ICHR150] IC D DIMERO 25 test";"2019-09-15 07:43:13";"0.0";"l10n_it.1_22a";"71.5";"__export__.product_product_17368_da68ecff";"__export__.purchase_order_192_6c79e2a2";"10";"purchase";"__export__.uom_uom_22_b15e9a07";"0.0";"2.0";"2.0";"0.0";"2.0"
"__export__.purchase_order_line_1372_72225a86";"[ICHR020] IC MICROALBUMINURIA 25 test";"2019-09-15 07:43:13";"0.0";"l10n_it.1_22a";"44.5";"__export__.product_product_17378_09bdd196";"__export__.purchase_order_192_6c79e2a2";"10";"purchase";"__export__.uom_uom_22_b15e9a07";"0.0";"3.0";"3.0";"0.0";"3.0"
"__export__.purchase_order_line_1428_f4058433";"[ICHR032] IC FERRITINA 25 test";"2019-09-17 07:43:13";"0.0";"l10n_it.1_22a";"68.0";"__export__.product_product_17369_34e5660d";"__export__.purchase_order_192_6c79e2a2";"10";"purchase";"__export__.uom_uom_22_b15e9a07";"0.0";"1.0";"1.0";"0.0";"1.0"
"__export__.purchase_order_line_1436_642b8f0b";"[ICHR070] IC CRP 25 test";"2019-09-17 07:43:13";"0.0";"l10n_it.1_22a";"41.7";"__export__.product_product_17364_39037187";"__export__.purchase_order_192_6c79e2a2";"10";"purchase";"__export__.uom_uom_22_b15e9a07";"0.0";"1.0";"1.0";"0.0";"1.0"
"__export__.purchase_order_line_1437_5a20b527";"[ICHR140] IC TSH 25 test";"2019-09-17 07:43:13";"0.0";"l10n_it.1_22a";"65.5";"__export__.product_product_17390_26c32e97";"__export__.purchase_order_192_6c79e2a2";"10";"purchase";"__export__.uom_uom_22_b15e9a07";"0.0";"1.0";"1.0";"0.0";"1.0"
"__export__.purchase_order_line_1147_f2db126d";"[11058] SLANETZ BARTLEY 20 test";"2019-09-17 07:42:59";"0.0";"l10n_it.1_22a";"8.19";"__export__.product_product_15948_8903f566";"__export__.purchase_order_188_96e5accd";"10";"purchase";"__export__.uom_uom_22_b15e9a07";"0.0";"2.0";"2.0";"0.0";"2.0"
"__export__.purchase_order_line_1148_9c82e720";"[96017] STAPH CHECK LATEX 50 test";"2019-09-13 07:42:59";"0.0";"l10n_it.1_22a";"55.0";"__export__.product_product_15953_e1f581a3";"__export__.purchase_order_188_96e5accd";"10";"purchase";"__export__.uom_uom_22_b15e9a07";"0.0";"1.0";"1.0";"0.0";"1.0"
"__export__.purchase_order_line_1163_2f2d028c";"[163652] TBX AGAR 20 PIASTRE 60mm";"2019-09-17 07:42:59";"0.0";"l10n_it.1_22a";"14.89";"__export__.product_product_15970_61fc1fbb";"__export__.purchase_order_188_96e5accd";"10";"purchase";"__export__.uom_uom_22_b15e9a07";"0.0";"3.0";"3.0";"0.0";"3.0"
"__export__.purchase_order_line_1167_5d7033d6";"[80279] VASELIN OIL 4x50ml";"2019-09-17 07:42:59";"0.0";"l10n_it.1_22a";"16.9";"__export__.product_product_16016_cd2d4b0b";"__export__.purchase_order_188_96e5accd";"10";"purchase";"__export__.uom_uom_22_b15e9a07";"0.0";"1.0";"1.0";"0.0";"1.0"
"__export__.purchase_order_line_963_9a9aa7e5";"[10023] CHOCOLATE AGAR 20 test";"2019-09-12 15:42:57";"0.0";"l10n_it.1_22a";"8.44";"__export__.product_product_15682_17502be9";"__export__.purchase_order_187_08eecdf5";"10";"purchase";"__export__.uom_uom_22_b15e9a07";"0.0";"1.0";"1.0";"0.0";"1.0"
"__export__.purchase_order_line_969_e6e0c454";"[74161] URIN SYSTEM Chrom 20 tests";"2019-09-12 15:42:57";"0.0";"l10n_it.1_22a";"91.0";"__export__.product_product_20767_38a8c822";"__export__.purchase_order_187_08eecdf5";"10";"purchase";"__export__.uom_uom_22_b15e9a07";"0.0";"2.0";"2.0";"0.0";"2.0"
"__export__.purchase_order_line_976_55d6e258";"[24104] BHI BROTH 20 tubi";"2019-09-16 15:42:57";"0.0";"l10n_it.1_22a";"14.4";"__export__.product_product_15625_c6d39237";"__export__.purchase_order_187_08eecdf5";"10";"purchase";"__export__.uom_uom_22_b15e9a07";"0.0";"1.0";"1.0";"0.0";"1.0"
"__export__.purchase_order_line_1087_1205affa";"[10020] BAIRD PARKER AGAR 20 plat 90mm";"2019-09-16 15:42:57";"0.0";"l10n_it.1_22a";"10.92";"__export__.product_product_15622_ad41e637";"__export__.purchase_order_187_08eecdf5";"10";"purchase";"__export__.uom_uom_22_b15e9a07";"0.0";"3.0";"3.0";"0.0";"3.0"
"__export__.purchase_order_line_1088_a9175224";"[10057] BILE AESCULINE AGAR 20 test";"2019-09-14 15:42:57";"0.0";"l10n_it.1_22a";"8.19";"__export__.product_product_15631_624af585";"__export__.purchase_order_187_08eecdf5";"10";"purchase";"__export__.uom_uom_22_b15e9a07";"0.0";"1.0";"1.0";"0.0";"1.0"
"__export__.purchase_order_line_1103_d78cbf7a";"[163862] C-EC MF AGAR 60mm 20ps";"2019-09-16 15:42:57";"0.0";"l10n_it.1_22a";"14.84";"__export__.product_product_15650_65e3bb44";"__export__.purchase_order_187_08eecdf5";"10";"purchase";"__export__.uom_uom_22_b15e9a07";"0.0";"6.0";"6.0";"0.0";"6.0"
"__export__.purchase_order_line_1106_e8623298";"[163852] CHROMATIC COLIFORM AGAR 20test";"2019-09-14 15:42:57";"0.0";"l10n_it.1_22a";"20.14";"__export__.product_product_15688_0d3af140";"__export__.purchase_order_187_08eecdf5";"10";"purchase";"__export__.uom_uom_22_b15e9a07";"0.0";"2.0";"2.0";"0.0";"2.0"
"__export__.purchase_order_line_1107_ea377dc1";"[11613] CHROMATIC COLIFORM CHR 20 test";"2019-09-14 15:42:57";"0.0";"l10n_it.1_22a";"16.96";"__export__.product_product_15689_e620b5aa";"__export__.purchase_order_187_08eecdf5";"10";"purchase";"__export__.uom_uom_22_b15e9a07";"0.0";"2.0";"2.0";"0.0";"2.0"
"__export__.purchase_order_line_1108_2e72343d";"[11614] CHROMATIC SALMONELLA 20 test";"2019-09-14 15:42:57";"0.0";"l10n_it.1_22a";"19.08";"__export__.product_product_15693_30c088ed";"__export__.purchase_order_187_08eecdf5";"10";"purchase";"__export__.uom_uom_22_b15e9a07";"0.0";"1.0";"1.0";"0.0";"1.0"
"__export__.purchase_order_line_1109_408147b5";"[96317] CLOSTRID. DIFF. TOX A+B 10test";"2019-09-12 15:42:57";"0.0";"l10n_it.1_22a";"46.8";"__export__.product_product_18735_2d6756fb";"__export__.purchase_order_187_08eecdf5";"10";"purchase";"__export__.uom_uom_22_b15e9a07";"0.0";"1.0";"1.0";"0.0";"1.0"
"__export__.purchase_order_line_1118_898a860d";"[79822] INTEGRAL SYSTEM Y. 4 TEST";"2019-09-12 15:42:57";"0.0";"l10n_it.1_22a";"17.4";"__export__.product_product_15782_8ddb56ad";"__export__.purchase_order_187_08eecdf5";"10";"purchase";"__export__.uom_uom_22_b15e9a07";"0.0";"1.0";"1.0";"0.0";"1.0"
"__export__.purchase_order_line_1122_5d37861b";"[10128] LEGIONELLA AGAR (GVPC) 20 Test";"2019-09-12 15:42:57";"0.0";"l10n_it.1_22a";"22.26";"__export__.product_product_15799_32371b69";"__export__.purchase_order_187_08eecdf5";"10";"purchase";"__export__.uom_uom_22_b15e9a07";"0.0";"1.0";"1.0";"0.0";"1.0"
"__export__.purchase_order_line_1123_decdbda0";"[10051] LEGIONELLA BCYE AGAR 20 Test";"2019-09-12 15:42:57";"0.0";"l10n_it.1_22a";"22.72";"__export__.product_product_15801_b689d607";"__export__.purchase_order_187_08eecdf5";"10";"purchase";"__export__.uom_uom_22_b15e9a07";"0.0";"1.0";"1.0";"0.0";"1.0"
"__export__.purchase_order_line_1125_a3be6ce6";"[163432] M-ENDO AGAR LES 20 test";"2019-09-16 15:42:57";"0.0";"l10n_it.1_22a";"10.65";"__export__.product_product_15828_c1f8ed67";"__export__.purchase_order_187_08eecdf5";"10";"purchase";"__export__.uom_uom_22_b15e9a07";"0.0";"4.0";"4.0";"0.0";"4.0"
"__export__.purchase_order_line_1130_4f743a80";"[10033] PSEUDOMONAS CETR.AGAR 20test";"2019-09-18 15:42:57";"0.0";"l10n_it.1_22a";"8.02";"__export__.product_product_15905_0e8e48e3";"__export__.purchase_order_187_08eecdf5";"10";"purchase";"__export__.uom_uom_22_b15e9a07";"0.0";"3.0";"3.0";"0.0";"3.0"
"__export__.purchase_order_line_960_7d7564cc";"[PB-047] B BOTTIGLIE 25 ml";"2019-09-12 15:42:54";"0.0";"l10n_it.1_22a";"0.9";"__export__.product_product_14046_5cf90b30";"__export__.purchase_order_186_59b12f5f";"10";"purchase";"__export__.uom_uom_22_b15e9a07";"0.0";"1.0";"1.0";"0.0";"1.0"
"__export__.purchase_order_line_1385_d65ea7a8";"[CH100A] FIBRINOGENO CLAUSS 10x2+4x25ml";"2019-09-12 15:42:54";"0.0";"l10n_it.1_22a";"35.0";"__export__.product_product_20650_870184ee";"__export__.purchase_order_186_59b12f5f";"10";"purchase";"uom.product_uom_unit";"0.0";"1.0";"1.0";"0.0";"1.0"
"__export__.purchase_order_line_1667_e24ede01";"[CH111] PT L 10x5ml liquido";"2019-09-11 15:42:54";"0.0";"l10n_it.1_22a";"35.0";"__export__.product_product_20660_5cd7e479";"__export__.purchase_order_186_59b12f5f";"10";"purchase";"uom.product_uom_unit";"0.0";"4.0";"4.0";"0.0";"4.0"
"__export__.purchase_order_line_3095_04a0bead";"[CH224] APTT SI+CLORURO 10x4+10x4ml";"2019-09-11 15:42:54";"0.0";"l10n_it.1_22a";"38.0";"__export__.product_product_20618_bc2d831a";"__export__.purchase_order_186_59b12f5f";"11";"purchase";"uom.product_uom_unit";"0.0";"2.0";"2.0";"0.0";"2.0"
"__export__.purchase_order_line_3245_f57b2384";"[CH008] CAOLINO 50 ML";"2019-09-16 15:42:54";"0.0";"l10n_it.1_22a";"22.0";"__export__.product_product_16279_bd3eb6b2";"__export__.purchase_order_186_59b12f5f";"12";"purchase";"__export__.uom_uom_22_b15e9a07";"0.0";"1.0";"1.0";"0.0";"1.0"
"__export__.purchase_order_line_912_4bac9aed";"[4002056] BC2800 VET E-Z CLEANSER 100ml";"2019-09-11 14:28:56";"30.0";"l10n_it.1_22a";"41.5";"__export__.product_product_18958_d3aa06f8";"__export__.purchase_order_185_34534013";"10";"purchase";"uom.product_uom_unit";"0.0";"0.0";"0.0";"0.0";"0.0"
"__export__.purchase_order_line_921_3bd8e83d";"[4002053] BC2800 VET DILUENTE 5,5lt";"2019-09-16 14:28:56";"0.0";"l10n_it.1_22a";"12.95";"__export__.product_product_18957_060e4dab";"__export__.purchase_order_185_34534013";"10";"purchase";"uom.product_uom_unit";"0.0";"4.0";"4.0";"0.0";"4.0"
"__export__.purchase_order_line_1062_fe339647";"[801464D] BC2800 VET RINCE 2,3lt";"2019-09-16 14:28:56";"0.0";"l10n_it.1_22a";"9.8";"__export__.product_product_18961_7ce7a782";"__export__.purchase_order_185_34534013";"10";"purchase";"uom.product_uom_unit";"0.0";"2.0";"2.0";"0.0";"2.0"
"__export__.purchase_order_line_1205_24fd88c3";"[4002055] BC2800 VET LISANTE 180ml";"2019-09-16 14:28:56";"0.0";"l10n_it.1_22a";"42.7";"__export__.product_product_18959_4a9fd304";"__export__.purchase_order_185_34534013";"10";"purchase";"__export__.uom_uom_22_b15e9a07";"0.0";"2.0";"2.0";"0.0";"2.0"
"__export__.purchase_order_line_1411_e55db232";"[4002056] BC2800 VET E-Z CLEANSER 100ml";"2019-09-16 14:28:56";"0.0";"l10n_it.1_22a";"20.75";"__export__.product_product_18958_d3aa06f8";"__export__.purchase_order_185_34534013";"11";"purchase";"uom.product_uom_unit";"0.0";"1.0";"1.0";"0.0";"1.0"
"__export__.purchase_order_line_937_5c9f4e03";"[IT90253] BREAK UP MAIN.BALS.SPRAY 250ML";"2019-09-11 14:28:55";"47.5";"l10n_it.1_22a";"10.7";"__export__.product_product_18991_325b5e01";"__export__.purchase_order_184_b835f869";"10";"purchase";"__export__.uom_uom_22_b15e9a07";"0.0";"18.0";"18.0";"0.0";"18.0"
"__export__.purchase_order_line_974_88e9a717";"[IT95005] BALS.YPOWER 5 LT";"2019-09-12 14:28:55";"0.0";"l10n_it.1_22a";"27.78";"__export__.product_product_18982_cf9ff3cc";"__export__.purchase_order_184_b835f869";"10";"purchase";"__export__.uom_uom_22_b15e9a07";"0.0";"1.0";"1.0";"0.0";"1.0"
"__export__.purchase_order_line_1031_3013f8da";"[IT95011] PROFUMO FIORI AMARI 1 LT";"2019-09-11 14:28:55";"47.5";"l10n_it.1_22a";"48.15";"__export__.product_product_19028_63570714";"__export__.purchase_order_184_b835f869";"10";"purchase";"__export__.uom_uom_22_b15e9a07";"0.0";"4.0";"4.0";"0.0";"4.0"
"__export__.purchase_order_line_1032_f7fc99a3";"[IT95000] PROFUMO SICILY 1 LT";"2019-09-11 14:28:55";"47.5";"l10n_it.1_22a";"48.15";"__export__.product_product_19031_735bbd48";"__export__.purchase_order_184_b835f869";"10";"purchase";"__export__.uom_uom_22_b15e9a07";"0.0";"4.0";"4.0";"0.0";"4.0"
"__export__.purchase_order_line_1703_81ad7100";"[IT95010] SHAMP.YPOWER MIELE 5 LT";"2019-09-11 14:28:55";"47.5";"l10n_it.1_22a";"48.15";"__export__.product_product_19070_14f8340d";"__export__.purchase_order_184_b835f869";"10";"purchase";"__export__.uom_uom_22_b15e9a07";"0.0";"10.0";"10.0";"0.0";"10.0"
"__export__.purchase_order_line_1720_a180a2cf";"[IT25007] SHAMP.BIOSILK PROT. SETA 250ML";"2019-09-11 14:28:55";"47.5";"l10n_it.1_22a";"9.0";"__export__.product_product_19048_38346627";"__export__.purchase_order_184_b835f869";"10";"purchase";"__export__.uom_uom_22_b15e9a07";"0.0";"8.0";"8.0";"0.0";"8.0"
"__export__.purchase_order_line_1721_d5dedc80";"[IT25012] GIPSY LUCID. RIS. SPRAY 250 ML";"2019-09-11 14:28:55";"47.5";"l10n_it.1_22a";"16.28";"__export__.product_product_19016_a8efc020";"__export__.purchase_order_184_b835f869";"10";"purchase";"__export__.uom_uom_22_b15e9a07";"0.0";"6.0";"6.0";"0.0";"6.0"
"__export__.purchase_order_line_1723_8a3d4a9c";"[IT90250] BREAK UP MILK DISTRIC. 250 ML";"2019-09-11 14:28:55";"47.5";"l10n_it.1_22a";"16.75";"__export__.product_product_18992_2ea76763";"__export__.purchase_order_184_b835f869";"10";"purchase";"__export__.uom_uom_22_b15e9a07";"0.0";"18.0";"18.0";"0.0";"18.0"
"__export__.purchase_order_line_1879_b19972a9";"[IT93010] HYPER WHITE MASCHERA SBIANC.1L";"2019-09-11 14:28:55";"47.5";"l10n_it.1_22a";"22.0";"__export__.product_product_20708_aba4a018";"__export__.purchase_order_184_b835f869";"10";"purchase";"uom.product_uom_unit";"0.0";"4.0";"4.0";"0.0";"4.0"
"__export__.purchase_order_line_1924_fe35a6be";"[IT95002] SHA/BAL DINAMIK OLIO ARG.5 LT";"2019-09-12 14:28:55";"47.5";"l10n_it.1_22a";"48.15";"__export__.product_product_19041_2c63a456";"__export__.purchase_order_184_b835f869";"10";"purchase";"__export__.uom_uom_22_b15e9a07";"0.0";"6.0";"6.0";"0.0";"6.0"
"__export__.purchase_order_line_1929_ba832ede";"[IT95008] SHAMP.BIOSILK PROT. SETA 5 LT";"2019-09-11 14:28:55";"47.5";"l10n_it.1_22a";"50.07";"__export__.product_product_19049_d31f9d97";"__export__.purchase_order_184_b835f869";"10";"purchase";"__export__.uom_uom_22_b15e9a07";"0.0";"10.0";"10.0";"0.0";"10.0"
"__export__.purchase_order_line_1963_7b33d570";"[IT95006] SHAMP.CRISP HARD 5 LT";"2019-09-11 14:28:55";"47.5";"l10n_it.1_22a";"48.15";"__export__.product_product_19055_f484f1b8";"__export__.purchase_order_184_b835f869";"10";"purchase";"__export__.uom_uom_22_b15e9a07";"0.0";"1.0";"1.0";"0.0";"1.0"
"__export__.purchase_order_line_1964_8de72096";"[IT95013] SHAMP.VOLUMIX 5 LT";"2019-09-11 14:28:55";"47.5";"l10n_it.1_22a";"48.15";"__export__.product_product_19064_a332e512";"__export__.purchase_order_184_b835f869";"10";"purchase";"__export__.uom_uom_22_b15e9a07";"0.0";"2.0";"2.0";"0.0";"2.0"
"__export__.purchase_order_line_1979_1b0be9c6";"[IT95012] SHAMP.TEATREE 5 LT";"2019-09-11 14:28:55";"47.5";"l10n_it.1_22a";"50.07";"__export__.product_product_19059_4b2c7341";"__export__.purchase_order_184_b835f869";"10";"purchase";"__export__.uom_uom_22_b15e9a07";"0.0";"2.0";"2.0";"0.0";"2.0"
"__export__.purchase_order_line_1985_ad9d1384";"[IT95001] SHAMP.AROMATIK ANTIOD. 5 LT";"2019-09-11 14:28:55";"47.5";"l10n_it.1_22a";"48.14";"__export__.product_product_19044_07d8fa87";"__export__.purchase_order_184_b835f869";"10";"purchase";"__export__.uom_uom_22_b15e9a07";"0.0";"4.0";"4.0";"0.0";"4.0"
