"id";"name";"date_planned";"discount";"taxes_id:id";"price_unit";"product_id:id";"order_id:id";"sequence";"state";"product_uom:id";"qty_invoiced";"qty_received";"qty_to_invoice";"qty_to_receive";"product_qty"
"__export__.purchase_order_line_11094_ab402293";"[207005/6] Seronorm EIA Liquido Liv.1 (6x3 mL)";"2020-05-15 14:29:21";"0.0";"l10n_it.1_22a";"167.56";"__export__.product_product_16330_dc24a02c";"__export__.purchase_order_1719_a339d534";"10";"draft";"__export__.uom_uom_22_b15e9a07";"0.0";"0.0";"0.0";"1.0";"1.0"
"__export__.purchase_order_line_11087_d5231438";"[25] Acqua Bidistillata (10 Lt)";"2020-05-15 14:28:58";"0.0";"l10n_it.1_22a";"3.35";"__export__.product_product_18318_81413145";"__export__.purchase_order_1718_54789e9e";"10";"draft";"uom.product_uom_unit";"0.0";"0.0";"0.0";"11.0";"11.0"
"__export__.purchase_order_line_11091_bc9858c1";"[42508/100] FL Na-Citrato 1,6mL 3,2% 13x75mm Nere a Vite Sterili per VES (100 pz)";"2020-05-15 14:28:58";"0.0";"l10n_it.1_22a";"5.83";"__export__.product_product_17817_8bed8ed6";"__export__.purchase_order_1718_54789e9e";"10";"draft";"__export__.uom_uom_22_b15e9a07";"0.0";"0.0";"0.0";"2.0";"2.0"
"__export__.purchase_order_line_11081_c52e42ea";"[5422485190] RC 311 Ecotergent";"2020-05-15 14:28:56";"0.0";"l10n_it.1_22a";"4.18";"__export__.product_product_15345_4903dc92";"__export__.purchase_order_1717_76b4f968";"10";"draft";"__export__.uom_uom_22_b15e9a07";"0.0";"0.0";"0.0";"3.0";"3.0"
"__export__.purchase_order_line_11088_013067f5";"[11706799001] RE Assay Tip (30x120 pz)";"2020-05-15 14:28:56";"0.0";"l10n_it.1_22a";"25.0";"__export__.product_product_18211_06617e43";"__export__.purchase_order_1717_76b4f968";"10";"draft";"__export__.uom_uom_22_b15e9a07";"0.0";"0.0";"0.0";"36.0";"36.0"
"__export__.purchase_order_line_11078_91af660d";"[5390095190] RE HIV Combi Pt + Cal. (100 test)";"2020-05-15 14:28:52";"0.0";"__export__.account_tax_85_b2b88c9a";"92.0";"__export__.product_product_16820_b70cfe14";"__export__.purchase_order_1716_b710c6c3";"10";"draft";"__export__.uom_uom_22_b15e9a07";"0.0";"0.0";"0.0";"2.0";"2.0"
"__export__.purchase_order_line_11074_3151dc46";"[B0228] NM FOB Quantitativo (100 test)";"2020-05-15 14:28:44";"0.0";"l10n_it.1_22a";"100.0";"__export__.product_product_17346_100a9033";"__export__.purchase_order_1715_4b3e3821";"10";"draft";"__export__.uom_uom_22_b15e9a07";"0.0";"0.0";"0.0";"1.0";"1.0"
"__export__.purchase_order_line_11071_db3d5829";"[ICHR095] IC B-HCG1 Range 5-50000 (25 test)";"2020-05-15 14:28:42";"0.0";"l10n_it.1_22a";"56.6";"__export__.product_product_17375_143eadac";"__export__.purchase_order_1714_1ea94e45";"10";"draft";"__export__.uom_uom_22_b15e9a07";"0.0";"0.0";"0.0";"2.0";"2.0"
"__export__.purchase_order_line_11067_092f4e09";"[1169900050] D Flacone 70mL";"2020-05-15 14:28:38";"0.0";"l10n_it.1_22a";"0.4";"__export__.product_product_14039_878a0396";"__export__.purchase_order_1713_7a8019c1";"10";"draft";"__export__.uom_uom_22_b15e9a07";"0.0";"0.0";"0.0";"150.0";"150.0"
"__export__.purchase_order_line_11068_96c88051";"[1169900046] D Flacone 20mL";"2020-05-15 14:28:38";"0.0";"l10n_it.1_22a";"0.35";"__export__.product_product_14038_68565b9a";"__export__.purchase_order_1713_7a8019c1";"10";"draft";"__export__.uom_uom_22_b15e9a07";"0.0";"0.0";"0.0";"602.0";"602.0"
"__export__.purchase_order_line_11089_db5d56f6";"[231011401001] Uristik H-10 (100 test)";"2020-05-15 14:28:38";"0.0";"l10n_it.1_22a";"7.67";"__export__.product_product_16323_a7192d8b";"__export__.purchase_order_1713_7a8019c1";"10";"draft";"__export__.uom_uom_22_b15e9a07";"0.0";"0.0";"0.0";"37.0";"37.0"
"__export__.purchase_order_line_11064_06d2cef6";"[118069] Visiera in PVC a Strappo (1 pezzo)";"2020-05-15 14:28:35";"0.0";"l10n_it.1_22a";"3.0";"__export__.product_product_21081_6d8eb646";"__export__.purchase_order_1712_d76827b3";"10";"draft";"uom.product_uom_unit";"0.0";"0.0";"0.0";"8.0";"8.0"
"__export__.purchase_order_line_11063_90c0dd9e";"[1116081] NYC D-Dimero (24 test)";"2020-05-15 14:28:34";"0.0";"l10n_it.1_22a";"76.0";"__export__.product_product_18077_18d20500";"__export__.purchase_order_1711_97816c78";"10";"draft";"__export__.uom_uom_22_b15e9a07";"0.0";"0.0";"0.0";"2.0";"2.0"
"__export__.purchase_order_line_11060_3f16429f";"[25205] Rifiuti Speciali Secchielli 5Lt (25 pz)";"2020-05-15 14:28:32";"30.0";"l10n_it.1_22a";"47.25";"__export__.product_product_17916_cda21b21";"__export__.purchase_order_1710_82014263";"10";"draft";"__export__.uom_uom_22_b15e9a07";"0.0";"0.0";"0.0";"1.0";"1.0"
"__export__.purchase_order_line_11062_c0d94927";"[30020/1000] Anse 10uL per Inoculazione PS Blu Sterili 1.000pz (20x50 pz)";"2020-05-15 14:28:32";"0.0";"l10n_it.1_22a";"15.12";"__export__.product_product_17741_6fd2fc76";"__export__.purchase_order_1710_82014263";"10";"draft";"__export__.uom_uom_22_b15e9a07";"0.0";"0.0";"0.0";"2.0";"2.0"
"__export__.purchase_order_line_11092_e572940b";"[42411/100] FL NACi3,2% 2,7ml 13x75 100p";"2020-05-15 14:28:32";"0.0";"l10n_it.1_22a";"5.53";"__export__.product_product_17819_da54bf79";"__export__.purchase_order_1710_82014263";"10";"draft";"__export__.uom_uom_22_b15e9a07";"0.0";"0.0";"0.0";"5.0";"5.0"
"__export__.purchase_order_line_11095_07bbce14";"[26061/100] Tamponi Asta Plas Prov 15mL (100 pz)";"2020-05-15 14:28:32";"30.0";"l10n_it.1_22a";"8.54";"__export__.product_product_17920_212badc6";"__export__.purchase_order_1710_82014263";"10";"draft";"__export__.uom_uom_22_b15e9a07";"0.0";"0.0";"0.0";"2.0";"2.0"
"__export__.purchase_order_line_11059_75d02260";"[2G2225] AR HBsAg Qualitativa (100 test)";"2020-05-15 14:28:30";"0.0";"l10n_it.1_22a";"75.0";"__export__.product_product_16968_f326a8b1";"__export__.purchase_order_1709_56c2a928";"10";"draft";"__export__.uom_uom_22_b15e9a07";"0.0";"0.0";"0.0";"1.0";"1.0"
"__export__.purchase_order_line_11080_b6a5d2cc";"[7K6225] AR TSH-H (100 test)";"2020-05-15 14:28:30";"0.0";"l10n_it.1_22a";"29.0";"__export__.product_product_16986_7f467e27";"__export__.purchase_order_1709_56c2a928";"10";"draft";"__export__.uom_uom_22_b15e9a07";"0.0";"0.0";"0.0";"1.0";"1.0"
"__export__.purchase_order_line_11090_6f1508f2";"[2K4725] AR Anti-TPO (100 test)";"2020-05-15 14:28:30";"0.0";"l10n_it.1_22a";"40.0";"__export__.product_product_16946_644ada7d";"__export__.purchase_order_1709_56c2a928";"10";"draft";"__export__.uom_uom_22_b15e9a07";"0.0";"0.0";"0.0";"1.0";"1.0"
"__export__.purchase_order_line_11045_0b95021e";"[3212001] Stromatol (50 mL)";"2020-05-14 14:20:54";"0.0";"__export__.account_tax_88_6e372cb8";"46.48";"__export__.product_product_15596_e66ba648";"__export__.purchase_order_1705_dfe797b7";"10";"draft";"__export__.uom_uom_22_b15e9a07";"0.0";"0.0";"0.0";"1.0";"1.0"
"__export__.purchase_order_line_11017_115cef70";"[81311] HIV Ab-Ag (96 test)";"2020-05-14 14:20:04";"0.0";"l10n_it.1_22a";"60.0";"__export__.product_product_16698_c20257b7";"__export__.purchase_order_1704_536f2eeb";"10";"draft";"__export__.uom_uom_22_b15e9a07";"0.0";"0.0";"0.0";"1.0";"1.0"
"__export__.purchase_order_line_11023_7395a8df";"[967-820] Citomegalovirus IgG (96 test)";"2020-05-14 14:20:04";"0.0";"l10n_it.1_22a";"53.0";"__export__.product_product_16667_b5ceb2af";"__export__.purchase_order_1704_536f2eeb";"10";"draft";"__export__.uom_uom_22_b15e9a07";"0.0";"0.0";"0.0";"1.0";"1.0"
"__export__.purchase_order_line_11024_a051607e";"[967-830] Citomegalovirus IgM (96 test)";"2020-05-14 14:20:04";"0.0";"l10n_it.1_22a";"70.0";"__export__.product_product_16668_19212ecd";"__export__.purchase_order_1704_536f2eeb";"10";"draft";"__export__.uom_uom_22_b15e9a07";"0.0";"0.0";"0.0";"1.0";"1.0"
"__export__.purchase_order_line_11026_14945bd4";"[967850] Herpes Simplex 2 IgG (96 test)";"2020-05-14 14:20:04";"0.0";"l10n_it.1_22a";"82.0";"__export__.product_product_16696_d47d5ce7";"__export__.purchase_order_1704_536f2eeb";"10";"draft";"__export__.uom_uom_22_b15e9a07";"0.0";"0.0";"0.0";"1.0";"1.0"
"__export__.purchase_order_line_11027_52fa4bbb";"[967835] Herpes Simplex 1&2 IgM (96 test)";"2020-05-14 14:20:04";"0.0";"l10n_it.1_22a";"80.0";"__export__.product_product_16695_a8067d7b";"__export__.purchase_order_1704_536f2eeb";"10";"draft";"__export__.uom_uom_22_b15e9a07";"0.0";"0.0";"0.0";"1.0";"1.0"
"__export__.purchase_order_line_11028_e534aa6c";"[967-860] Rubella IgG Quantitativa (96 test)";"2020-05-14 14:20:04";"0.0";"l10n_it.1_22a";"61.0";"__export__.product_product_16713_0654c451";"__export__.purchase_order_1704_536f2eeb";"10";"draft";"__export__.uom_uom_22_b15e9a07";"0.0";"0.0";"0.0";"1.0";"1.0"
"__export__.purchase_order_line_11029_858131bf";"[967-870] Rubella IgM Cattura (96 test) ";"2020-05-14 14:20:04";"0.0";"l10n_it.1_22a";"88.0";"__export__.product_product_16714_06595a53";"__export__.purchase_order_1704_536f2eeb";"10";"draft";"__export__.uom_uom_22_b15e9a07";"0.0";"0.0";"0.0";"1.0";"1.0"
"__export__.purchase_order_line_11057_4a707c2c";"[87112E] Kova Liqua-Trol (6x15 mL)";"2020-05-14 13:20:18";"0.0";"l10n_it.1_22a";"67.0";"__export__.product_product_18727_e63427f7";"__export__.purchase_order_1708_36a03e35";"10";"purchase";"__export__.uom_uom_22_b15e9a07";"0.0";"0.0";"0.0";"4.0";"4.0"
"__export__.purchase_order_line_11056_e0947f4a";"[IM400S] MAGO 4S";"2020-05-15 08:59:58";"0.0";"l10n_it.1_22a";"0.0";"__export__.product_product_19707_617e1e71";"__export__.purchase_order_1707_3cb7c90a";"10";"purchase";"uom.product_uom_unit";"0.0";"1.0";"1.0";"0.0";"1.0"
"__export__.purchase_order_line_11054_e5930f7a";"[EIA-6146] Novel Coronavirus Covid19 IGG (96 test)";"2020-05-29 07:09:45";"0.0";"l10n_it.1_22a";"615.0";"__export__.product_product_21091_a8481f2a";"__export__.purchase_order_1706_0db34ff8";"10";"purchase";"uom.product_uom_unit";"0.0";"0.0";"0.0";"12.0";"12.0"
"__export__.purchase_order_line_11055_0eacebb5";"[EIA-6147] Novel Coronavirus Covid19 IGM (96 test)";"2020-05-29 07:09:45";"0.0";"l10n_it.1_22a";"615.0";"__export__.product_product_21092_01efa5b2";"__export__.purchase_order_1706_0db34ff8";"11";"purchase";"uom.product_uom_unit";"0.0";"0.0";"0.0";"12.0";"12.0"
"__export__.purchase_order_line_11001_197e8b01";"[P005193] Gel Igienizzante Mani (500 mL)";"2020-05-17 14:28:41";"0.0";"l10n_it.1_22a";"3.97";"__export__.product_product_21097_a1e28cea";"__export__.purchase_order_1701_bedbcd6a";"10";"draft";"uom.product_uom_unit";"0.0";"0.0";"0.0";"6.0";"6.0"
"__export__.purchase_order_line_11000_929f97a3";"[118092] Copriscarpa Tnt 30 grammi (1 pezzo)";"2020-05-18 14:28:40";"0.0";"l10n_it.1_22a";"0.24";"__export__.product_product_21095_5b735d6f";"__export__.purchase_order_1700_10528750";"10";"draft";"uom.product_uom_unit";"0.0";"0.0";"0.0";"40.0";"40.0"
"__export__.purchase_order_line_11046_f9740413";"[118093] Camice + Cuffia Tnt";"2020-05-18 14:28:40";"0.0";"l10n_it.1_22a";"3.23";"__export__.product_product_21096_9a6f0561";"__export__.purchase_order_1700_10528750";"10";"draft";"uom.product_uom_unit";"0.0";"0.0";"0.0";"3.0";"23.0"
"__export__.purchase_order_line_10968_7dddea69";"[10036] S.S. (20 test)";"2020-05-13 12:34:42";"58.0";"l10n_it.1_22a";"17.9";"__export__.product_product_15919_8577f29d";"__export__.purchase_order_1699_1418bc06";"10";"draft";"__export__.uom_uom_22_b15e9a07";"0.0";"0.0";"0.0";"2.0";"2.0"
"__export__.purchase_order_line_10981_aa491cf8";"[11611] Chromatic Detection (20 test)";"2020-05-13 12:34:42";"47.0";"l10n_it.1_22a";"33.0";"__export__.product_product_15690_25bb6113";"__export__.purchase_order_1699_1418bc06";"10";"draft";"__export__.uom_uom_22_b15e9a07";"0.0";"0.0";"0.0";"11.0";"12.0"
"__export__.purchase_order_line_10985_dc19216b";"[51023] Urinotube Cetrimide-CLED-Mac Conkey (120 pz)";"2020-05-13 12:34:42";"0.0";"l10n_it.1_22a";"38.63";"__export__.product_product_16002_82da6713";"__export__.purchase_order_1699_1418bc06";"10";"draft";"__export__.uom_uom_22_b15e9a07";"0.0";"0.0";"0.0";"13.0";"14.0"
"__export__.purchase_order_line_10988_21a97b88";"[11612] Chromatic Candida (20 test)";"2020-05-13 12:34:42";"47.0";"l10n_it.1_22a";"40.0";"__export__.product_product_15683_33acd169";"__export__.purchase_order_1699_1418bc06";"10";"draft";"__export__.uom_uom_22_b15e9a07";"0.0";"0.0";"0.0";"1.0";"1.0"
"__export__.purchase_order_line_10992_64da6e31";"[11183] V.R.B.G. Violet Red Bile Glucose Agar (20 test)";"2020-05-13 12:34:42";"58.0";"l10n_it.1_22a";"20.8";"__export__.product_product_16020_2a83c231";"__export__.purchase_order_1699_1418bc06";"10";"draft";"__export__.uom_uom_22_b15e9a07";"0.0";"0.0";"0.0";"2.0";"2.0"
"__export__.purchase_order_line_11003_70cf1d46";"[93104] IgA-IgG-IgM Multiplate (4x3 test)";"2020-05-13 12:34:42";"53.0";"l10n_it.1_22a";"27.0";"__export__.product_product_17451_39267355";"__export__.purchase_order_1699_1418bc06";"10";"draft";"__export__.uom_uom_22_b15e9a07";"0.0";"0.0";"0.0";"1.0";"2.0"
"__export__.purchase_order_line_11043_7ed7ff71";"[96317] Clostridium difficile Tox A+B (10 test)";"2020-05-13 12:34:42";"48.0";"l10n_it.1_22a";"90.0";"__export__.product_product_18735_2d6756fb";"__export__.purchase_order_1699_1418bc06";"10";"draft";"__export__.uom_uom_22_b15e9a07";"0.0";"0.0";"0.0";"1.0";"1.0"
"__export__.purchase_order_line_11069_54db0581";"[11025] Columbia Agar Sheep (20 test)";"2020-05-13 12:34:42";"0.0";"l10n_it.1_22a";"6.49";"__export__.product_product_15712_e48527a5";"__export__.purchase_order_1699_1418bc06";"10";"draft";"__export__.uom_uom_22_b15e9a07";"0.0";"0.0";"0.0";"1.0";"1.0"
"__export__.purchase_order_line_11097_f1c143c4";"[10026] CLED Agar (20 test)";"2020-05-13 12:34:42";"58.0";"l10n_it.1_22a";"17.9";"__export__.product_product_15702_e0f08968";"__export__.purchase_order_1699_1418bc06";"10";"draft";"__export__.uom_uom_22_b15e9a07";"0.0";"0.0";"0.0";"1.0";"1.0"
"__export__.purchase_order_line_10966_612f1d11";"[34003] Carta Modulo Continuo (2.000 fogli)";"2020-05-13 12:34:40";"0.0";"l10n_it.1_22a";"32.49";"__export__.product_product_18320_6d82974b";"__export__.purchase_order_1698_38e7d26e";"10";"draft";"uom.product_uom_unit";"0.0";"0.0";"0.0";"4.0";"4.0"
"__export__.purchase_order_line_10999_d5363cfd";"[741-4807] Elecsys Fd Drive Kit3";"2020-05-13 12:34:40";"0.0";"l10n_it.1_22a";"0.0";"__export__.product_product_14273_f7111cb9";"__export__.purchase_order_1698_38e7d26e";"10";"draft";"uom.product_uom_unit";"0.0";"0.0";"0.0";"1.0";"1.0"
"__export__.purchase_order_line_11002_3e9ec7ff";"[271-3734] Elecsys Cpu 237";"2020-05-13 12:34:40";"0.0";"l10n_it.1_22a";"560.0";"__export__.product_product_14270_345b29ec";"__export__.purchase_order_1698_38e7d26e";"10";"draft";"uom.product_uom_unit";"0.0";"0.0";"0.0";"1.0";"1.0"
"__export__.purchase_order_line_11004_d617d38f";"[11820435122] Elecsys Isap Reagent";"2020-05-13 12:34:40";"0.0";"l10n_it.1_22a";"61.0";"__export__.product_product_17047_28c94170";"__export__.purchase_order_1698_38e7d26e";"10";"draft";"__export__.uom_uom_22_b15e9a07";"0.0";"0.0";"0.0";"3.0";"3.0"
"__export__.purchase_order_line_11006_affca81b";"[11820451122] Elecsys Cellcheck Reagent";"2020-05-13 12:34:40";"0.0";"l10n_it.1_22a";"27.5";"__export__.product_product_17046_2b93654a";"__export__.purchase_order_1698_38e7d26e";"10";"draft";"__export__.uom_uom_22_b15e9a07";"0.0";"0.0";"0.0";"6.0";"6.0"
"__export__.purchase_order_line_10953_e6b86635";"[2124] ELyte Expand Pack Na/K/Cl/Ca (800 mL)";"2020-05-13 12:34:29";"0.0";"l10n_it.1_22a";"110.0";"__export__.product_product_17518_eca4a500";"__export__.purchase_order_1697_2586ff48";"10";"draft";"__export__.uom_uom_22_b15e9a07";"0.0";"0.0";"0.0";"4.0";"4.0"
"__export__.purchase_order_line_10965_95f0ca4c";"[2814] ELyte Ctrl. Alto e Normale (2x10 mL)";"2020-05-13 12:34:29";"0.0";"l10n_it.1_22a";"25.03";"__export__.product_product_17520_f4823bea";"__export__.purchase_order_1697_2586ff48";"10";"draft";"__export__.uom_uom_22_b15e9a07";"0.0";"0.0";"0.0";"2.0";"2.0"
"__export__.purchase_order_line_10984_d0043df9";"[2118] ELyte Rince 6 Flaconi (90 mL)";"2020-05-13 12:34:29";"0.0";"l10n_it.1_22a";"27.19";"__export__.product_product_17524_7a418ea5";"__export__.purchase_order_1697_2586ff48";"10";"draft";"__export__.uom_uom_22_b15e9a07";"0.0";"0.0";"0.0";"9.0";"9.0"
"__export__.purchase_order_line_10986_726ba025";"[2120] ELyte Pack Na/K (800 mL)";"2020-05-13 12:34:29";"0.0";"l10n_it.1_22a";"95.5";"__export__.product_product_17525_6c3e4a24";"__export__.purchase_order_1697_2586ff48";"10";"draft";"__export__.uom_uom_22_b15e9a07";"0.0";"0.0";"0.0";"11.0";"11.0"
"__export__.purchase_order_line_10989_af1a2aac";"[7004] EASY STAT";"2020-05-13 12:34:29";"0.0";"l10n_it.1_22a";"6210.0";"__export__.product_product_19785_617b467a";"__export__.purchase_order_1697_2586ff48";"10";"draft";"uom.product_uom_unit";"0.0";"0.0";"0.0";"1.0";"1.0"
"__export__.purchase_order_line_10951_b7ae5025";"[118092] Copriscarpe Tnt 30 grammi";"2020-05-18 12:34:29";"0.0";"l10n_it.1_22a";"0.24";"__export__.product_product_21095_5b735d6f";"__export__.purchase_order_1696_45c93829";"10";"purchase";"uom.product_uom_unit";"0.0";"0.0";"0.0";"100.0";"100.0"
"__export__.purchase_order_line_10949_9ed2ba19";"[118069] Visiera in PVC a Strappo (1 pezzo)";"2020-05-13 12:34:27";"0.0";"l10n_it.1_22a";"3.0";"__export__.product_product_21081_6d8eb646";"__export__.purchase_order_1695_705f09c9";"10";"purchase";"uom.product_uom_unit";"0.0";"0.0";"0.0";"27.0";"27.0"
"__export__.purchase_order_line_10950_9d2cd1d8";"[118084] Visiera in Policarbonato Regolabile (1 pezzo)";"2020-05-13 12:34:27";"0.0";"l10n_it.1_22a";"15.0";"__export__.product_product_21084_1bfc6c00";"__export__.purchase_order_1695_705f09c9";"10";"purchase";"uom.product_uom_unit";"0.0";"0.0";"0.0";"25.0";"25.0"
"__export__.purchase_order_line_10948_bfabc8a9";"[118902] Mascherina 3Veli con Lacci (50 pz) (copia)";"2020-06-12 12:34:27";"0.0";"l10n_it.1_22a";"9.6";"__export__.product_product_21068_b43271b7";"__export__.purchase_order_1694_03ec1c07";"10";"draft";"__export__.uom_uom_22_b15e9a07";"0.0";"0.0";"0.0";"5.0";"5.0"
"__export__.purchase_order_line_10945_9cbf90ab";"[25734] T Vitamina D Pretrattamento (6x5 mL)";"2020-05-13 12:34:25";"30.0";"l10n_it.1_22a";"65.0";"__export__.product_product_17188_71d955c6";"__export__.purchase_order_1693_d6ab71b7";"10";"draft";"__export__.uom_uom_22_b15e9a07";"0.0";"0.0";"0.0";"2.0";"3.0"
"__export__.purchase_order_line_10952_1db9c7fd";"[020968-1] T Substrato II Liofilo (100 mL)";"2020-05-13 12:34:25";"30.0";"l10n_it.1_22a";"24.02";"__export__.product_product_17072_5e5624f6";"__export__.purchase_order_1693_d6ab71b7";"10";"draft";"__export__.uom_uom_25_f80d9473";"0.0";"0.0";"0.0";"65.0";"76.0"
"__export__.purchase_order_line_10954_bf0d9111";"[025332-S] T D-Dimero Cal. (6x1 mL)";"2020-05-13 12:34:25";"30.0";"l10n_it.1_22a";"50.0";"__export__.product_product_17105_34b3f435";"__export__.purchase_order_1693_d6ab71b7";"10";"draft";"__export__.uom_uom_22_b15e9a07";"0.0";"0.0";"0.0";"1.0";"1.0"
"__export__.purchase_order_line_10955_dd43cf6e";"[25726] T Omocisteina Pretrattamento (6x5 mL)";"2020-05-13 12:34:25";"30.0";"l10n_it.1_22a";"67.73";"__export__.product_product_17140_6def6934";"__export__.purchase_order_1693_d6ab71b7";"10";"draft";"__export__.uom_uom_22_b15e9a07";"0.0";"0.0";"0.0";"1.0";"1.0"
"__export__.purchase_order_line_10960_3c443763";"[020354-S] T CEA Cal. (2x1 mL)";"2020-05-13 12:34:25";"30.0";"l10n_it.1_22a";"19.66";"__export__.product_product_17092_bd8bc6ae";"__export__.purchase_order_1693_d6ab71b7";"10";"draft";"__export__.uom_uom_22_b15e9a07";"0.0";"0.0";"0.0";"1.0";"1.0"
"__export__.purchase_order_line_10963_529d4b96";"[020393-S] T Vitamina B12 Cal. (6x1 mL)";"2020-05-13 12:34:25";"30.0";"l10n_it.1_22a";"78.62";"__export__.product_product_17184_49df1a2d";"__export__.purchase_order_1693_d6ab71b7";"10";"draft";"__export__.uom_uom_22_b15e9a07";"0.0";"0.0";"0.0";"1.0";"1.0"
"__export__.purchase_order_line_10964_8f7dc633";"[20706] T Vitamina B12 Pretrattamento (6x5 mL)";"2020-05-13 12:34:25";"30.0";"l10n_it.1_22a";"65.52";"__export__.product_product_17185_896689f4";"__export__.purchase_order_1693_d6ab71b7";"10";"draft";"__export__.uom_uom_22_b15e9a07";"0.0";"0.0";"0.0";"3.0";"3.0"
"__export__.purchase_order_line_10969_581e126d";"[25234] T Vitamina D (100 test)";"2020-05-13 12:34:25";"30.0";"l10n_it.1_22a";"200.0";"__export__.product_product_17186_2f865442";"__export__.purchase_order_1693_d6ab71b7";"10";"draft";"__export__.uom_uom_22_b15e9a07";"0.0";"0.0";"0.0";"5.0";"7.0"
"__export__.purchase_order_line_10971_cba78311";"[19552] T G7 Tampone 1 (800 mL)";"2020-05-13 12:34:25";"30.0";"l10n_it.1_22a";"72.45";"__export__.product_product_18518_c636a0dd";"__export__.purchase_order_1693_d6ab71b7";"10";"draft";"__export__.uom_uom_22_b15e9a07";"0.0";"0.0";"0.0";"5.0";"5.0"
"__export__.purchase_order_line_10973_aa8120c8";"[025226-20] T Omocisteina (20 test)";"2020-05-13 12:34:25";"30.0";"l10n_it.1_22a";"100.2";"__export__.product_product_17137_4bac1797";"__export__.purchase_order_1693_d6ab71b7";"10";"draft";"__export__.uom_uom_22_b15e9a07";"0.0";"0.0";"0.0";"15.0";"15.0"
"__export__.purchase_order_line_10976_ec2e9ce1";"[25232-20] T D-Dimero (20 test)";"2020-05-13 12:34:25";"30.0";"l10n_it.1_22a";"40.0";"__export__.product_product_17104_6d9a25a9";"__export__.purchase_order_1693_d6ab71b7";"10";"draft";"__export__.uom_uom_22_b15e9a07";"0.0";"0.0";"0.0";"4.0";"11.0"
"__export__.purchase_order_line_10982_bb4292cd";"[025220-20] T B-HCG IIgen (20 test)";"2020-05-13 12:34:25";"30.0";"l10n_it.1_22a";"20.8";"__export__.product_product_17087_6a45bb8b";"__export__.purchase_order_1693_d6ab71b7";"10";"draft";"__export__.uom_uom_22_b15e9a07";"0.0";"0.0";"0.0";"10.0";"23.0"
"__export__.purchase_order_line_10983_17771c27";"[025254-20] T CEA (20 test)";"2020-05-13 12:34:25";"30.0";"l10n_it.1_22a";"31.2";"__export__.product_product_17091_960b12d9";"__export__.purchase_order_1693_d6ab71b7";"10";"draft";"__export__.uom_uom_22_b15e9a07";"0.0";"0.0";"0.0";"6.0";"6.0"
"__export__.purchase_order_line_10991_1842e80f";"[021472-1P3] T G7 THAL.3 TAMP.B 1x800ml";"2020-05-13 12:34:25";"30.0";"l10n_it.1_22a";"72.45";"__export__.product_product_18514_68c05dc9";"__export__.purchase_order_1693_d6ab71b7";"10";"draft";"__export__.uom_uom_22_b15e9a07";"0.0";"0.0";"0.0";"1.0";"1.0"
"__export__.purchase_order_line_11005_2961a748";"[025221-20] T ACTH (20 test)";"2020-05-13 12:34:25";"30.0";"l10n_it.1_22a";"50.4";"__export__.product_product_17076_1e529aee";"__export__.purchase_order_1693_d6ab71b7";"10";"draft";"__export__.uom_uom_22_b15e9a07";"0.0";"0.0";"0.0";"3.0";"3.0"
"__export__.purchase_order_line_11075_1f6effeb";"[020353-S] T Ferritina Cal. (2x1 mL)";"2020-05-13 12:34:25";"30.0";"l10n_it.1_22a";"15.29";"__export__.product_product_17115_ba044d39";"__export__.purchase_order_1693_d6ab71b7";"10";"draft";"__export__.uom_uom_22_b15e9a07";"0.0";"0.0";"0.0";"1.0";"1.0"
"__export__.purchase_order_line_11076_c14f1686";"[025313-S] T PTH Cal. (6x1 mL)";"2020-05-13 12:34:25";"30.0";"l10n_it.1_22a";"58.97";"__export__.product_product_17154_3e3e2638";"__export__.purchase_order_1693_d6ab71b7";"10";"draft";"__export__.uom_uom_22_b15e9a07";"0.0";"0.0";"0.0";"1.0";"1.0"
"__export__.purchase_order_line_11100_50ac4abb";"[25211/20] T PSA Free (20 test)";"2020-05-13 12:34:25";"0.0";"l10n_it.1_22a";"27.02";"__export__.product_product_17149_b752be64";"__export__.purchase_order_1693_d6ab71b7";"10";"draft";"__export__.uom_uom_22_b15e9a07";"0.0";"0.0";"0.0";"5.0";"5.0"
"__export__.purchase_order_line_10942_7d38aa40";"[35011399R341] MP Health Checking (10 test)";"2020-06-12 12:34:23";"0.0";"l10n_it.1_22a";"40.0";"__export__.product_product_19446_e6ad5287";"__export__.purchase_order_1692_e32aa191";"10";"draft";"__export__.uom_uom_22_b15e9a07";"0.0";"0.0";"0.0";"10.0";"10.0"
"__export__.purchase_order_line_10947_e82a50cd";"[113094] Coronavirus COVID-19 IgG e IgM Rapido (10 test)";"2020-05-13 12:34:23";"0.0";"l10n_it.1_22a";"25.0";"__export__.product_product_21013_8aa3bba4";"__export__.purchase_order_1692_e32aa191";"10";"draft";"uom.product_uom_unit";"0.0";"0.0";"0.0";"4.0";"4.0"
"__export__.purchase_order_line_11011_bb083d67";"[COV19G.CE.192] Cov-2 IGG (192 test)";"2020-05-18 11:08:51";"0.0";"l10n_it.1_22a";"1160.0";"__export__.product_product_21103_3424bfcc";"__export__.purchase_order_1703_b4dc4216";"10";"purchase";"uom.product_uom_unit";"0.0";"2.0";"2.0";"0.0";"2.0"
"__export__.purchase_order_line_11012_8a0646f0";"[COV19M.CE.96] Cov-2 IGM (192 test)";"2020-05-28 11:08:51";"0.0";"l10n_it.1_22a";"1350.0";"__export__.product_product_21104_e26ee64f";"__export__.purchase_order_1703_b4dc4216";"10";"purchase";"uom.product_uom_unit";"0.0";"2.0";"2.0";"0.0";"2.0"
"__export__.purchase_order_line_11007_7b46c6a6";"[967-860] Rubella IgG Quantitativa (96 test)";"2020-05-13 10:14:11";"0.0";"l10n_it.1_22a";"61.0";"__export__.product_product_16713_0654c451";"__export__.purchase_order_1702_1de4d56b";"10";"purchase";"__export__.uom_uom_22_b15e9a07";"0.0";"3.0";"3.0";"0.0";"3.0"
"__export__.purchase_order_line_11008_5f3c071d";"[967-870] Rubella IgM Cattura (96 test) ";"2020-05-13 10:14:11";"0.0";"l10n_it.1_22a";"88.0";"__export__.product_product_16714_06595a53";"__export__.purchase_order_1702_1de4d56b";"10";"purchase";"__export__.uom_uom_22_b15e9a07";"0.0";"3.0";"3.0";"0.0";"3.0"
"__export__.purchase_order_line_11009_6a325cb9";"[967-800] Toxoplasma IgG Quantitativa (96 test)";"2020-05-13 10:14:11";"0.0";"l10n_it.1_22a";"50.0";"__export__.product_product_16721_0effd4ca";"__export__.purchase_order_1702_1de4d56b";"10";"purchase";"__export__.uom_uom_22_b15e9a07";"0.0";"5.0";"5.0";"0.0";"5.0"
"__export__.purchase_order_line_11010_1aa292f2";"[967-810] Toxoplasma IgM Cattura (96 test)";"2020-05-13 10:14:11";"0.0";"l10n_it.1_22a";"75.0";"__export__.product_product_16722_dc34c46c";"__export__.purchase_order_1702_1de4d56b";"10";"purchase";"__export__.uom_uom_22_b15e9a07";"0.0";"5.0";"5.0";"0.0";"5.0"
"__export__.purchase_order_line_10929_0eb688a3";"[7156] Alcool Enzimatico (5x10 mL)";"2020-05-12 14:29:23";"50.0";"l10n_it.1_22a";"48.0";"__export__.product_product_17537_49e28536";"__export__.purchase_order_1689_23855372";"10";"draft";"__export__.uom_uom_22_b15e9a07";"0.0";"0.0";"0.0";"1.0";"1.0"
"__export__.purchase_order_line_11093_a32b54b6";"[4016] MYOGLOBINA 20 test";"2020-05-12 14:29:23";"50.0";"l10n_it.1_22a";"108.0";"__export__.product_product_18738_090ee281";"__export__.purchase_order_1689_23855372";"10";"draft";"__export__.uom_uom_23_aaa2be6b";"0.0";"0.0";"0.0";"1.0";"1.0"
"__export__.purchase_order_line_10912_74e2eaf3";"[11820583122] RE HBeAg + Cal. (100 test)";"2020-05-12 14:29:05";"0.0";"l10n_it.1_22a";"95.0";"__export__.product_product_17052_6a538b0c";"__export__.purchase_order_1688_061e6468";"10";"purchase";"__export__.uom_uom_22_b15e9a07";"0.0";"0.0";"0.0";"1.0";"1.0"
"__export__.purchase_order_line_10903_756ad3bb";"[21705] Streptozyme (50 test)";"2020-05-12 14:28:59";"0.0";"l10n_it.1_22a";"133.0";"__export__.product_product_16063_9cc8cfd6";"__export__.purchase_order_1687_8479d018";"10";"draft";"__export__.uom_uom_22_b15e9a07";"0.0";"0.0";"0.0";"1.0";"1.0"
"__export__.purchase_order_line_4020_2ce77fe2";"[4013056] RE  LETTORE FLOPPY IDE";"2019-11-01 14:28:34";"0.0";"__export__.account_tax_85_b2b88c9a";"70.0";"__export__.product_product_14288_686596cf";"__export__.purchase_order_582_a97fce40";"10";"purchase";"uom.product_uom_unit";"0.0";"0.0";"0.0";"1.0";"1.0"
"__export__.purchase_order_line_4021_5e6aed9b";"[741-0909] RE  SIPPER NOZZLE SEAL SET2";"2019-11-01 14:28:34";"0.0";"__export__.account_tax_85_b2b88c9a";"20.0";"__export__.product_product_14324_efcb1ab1";"__export__.purchase_order_582_a97fce40";"10";"purchase";"uom.product_uom_unit";"0.0";"0.0";"0.0";"1.0";"1.0"
"__export__.purchase_order_line_4022_4dbf4479";"[741-1775] RE  TUBING PIPETTOR A/R(465)";"2019-11-01 14:28:34";"0.0";"__export__.account_tax_85_b2b88c9a";"74.9";"__export__.product_product_14346_b88c4b5f";"__export__.purchase_order_582_a97fce40";"10";"purchase";"uom.product_uom_unit";"0.0";"0.0";"0.0";"2.0";"2.0"
"__export__.purchase_order_line_4023_938fd651";"[741-1778] RE  TUBING PIPETTOR S/R(510)";"2019-11-01 14:28:34";"0.0";"__export__.account_tax_85_b2b88c9a";"25.0";"__export__.product_product_14847_a51ddd30";"__export__.purchase_order_582_a97fce40";"10";"purchase";"uom.product_uom_unit";"0.0";"0.0";"0.0";"2.0";"2.0"
"__export__.purchase_order_line_4029_dd037c9f";"[741-0933] RE  SIPPER PROBE";"2019-11-01 14:28:34";"0.0";"__export__.account_tax_85_b2b88c9a";"200.0";"__export__.product_product_14325_27c8f273";"__export__.purchase_order_582_a97fce40";"10";"purchase";"uom.product_uom_unit";"0.0";"0.0";"0.0";"1.0";"1.0"
"__export__.purchase_order_line_4043_5388098f";"[741-0941] RE  TUBE SET IH";"2019-11-01 14:28:34";"0.0";"__export__.account_tax_85_b2b88c9a";"10.0";"__export__.product_product_14342_1bd162a3";"__export__.purchase_order_582_a97fce40";"10";"purchase";"__export__.uom_uom_22_b15e9a07";"0.0";"0.0";"0.0";"10.0";"10.0"
"__export__.purchase_order_line_4046_d072c1b7";"[741-0560] RE  BALL SEALING ASSEMBLY";"2019-11-01 14:28:34";"0.0";"__export__.account_tax_85_b2b88c9a";"130.0";"__export__.product_product_14259_b2704a81";"__export__.purchase_order_582_a97fce40";"10";"purchase";"uom.product_uom_unit";"0.0";"0.0";"0.0";"6.0";"6.0"
"__export__.purchase_order_line_4054_39884703";"[11933159001] RE  ADATTATORE SYSCLEAN";"2020-05-12 13:28:34";"0.0";"__export__.account_tax_85_b2b88c9a";"3.0";"__export__.product_product_14257_2898e830";"__export__.purchase_order_582_a97fce40";"10";"purchase";"uom.product_uom_unit";"0.0";"0.0";"0.0";"20.0";"20.0"
"__export__.purchase_order_line_4061_79baa6fe";"[741-0901] RE  SEAL PIECE 1pz";"2019-11-01 14:28:34";"0.0";"__export__.account_tax_85_b2b88c9a";"23.9";"__export__.product_product_14318_63910822";"__export__.purchase_order_582_a97fce40";"10";"purchase";"uom.product_uom_unit";"0.0";"0.0";"0.0";"10.0";"10.0"
"__export__.purchase_order_line_7322_0962ed1f";"[741-6562] RE  RACK P/CAMPIONE 50pz";"2019-11-01 14:28:34";"0.0";"__export__.account_tax_85_b2b88c9a";"250.0";"__export__.product_product_17048_a27e1ed3";"__export__.purchase_order_582_a97fce40";"10";"purchase";"__export__.uom_uom_22_b15e9a07";"0.0";"0.0";"0.0";"1.0";"1.0"
"__export__.purchase_order_line_10993_985017f8";"[4000250] RE  BLANKCELL CALIBR.2x50ml";"2020-05-12 13:11:11";"0.0";"__export__.account_tax_85_b2b88c9a";"15.9";"__export__.product_product_13291_e07cb8bd";"__export__.purchase_order_582_a97fce40";"12";"purchase";"__export__.uom_uom_22_b15e9a07";"0.0";"0.0";"0.0";"1.0";"1.0"
"__export__.purchase_order_line_10995_f0d3262c";"[4013026] Elecsys O-Ring#P9";"2020-05-12 13:28:34";"0.0";"__export__.account_tax_85_b2b88c9a";"2.65";"__export__.product_product_14296_4c4f404c";"__export__.purchase_order_582_a97fce40";"14";"purchase";"uom.product_uom_unit";"0.0";"0.0";"0.0";"5.0";"5.0"
"__export__.purchase_order_line_10996_80b45386";"[4013027] Elecsys O-Ring#P16";"2020-05-12 13:28:34";"0.0";"__export__.account_tax_85_b2b88c9a";"134.9";"__export__.product_product_14294_1bda9212";"__export__.purchase_order_582_a97fce40";"15";"purchase";"uom.product_uom_unit";"0.0";"0.0";"0.0";"5.0";"5.0"
"__export__.purchase_order_line_10997_c5e7d344";"[4013028] RE  O-RING#P5";"2020-05-12 13:12:52";"0.0";"__export__.account_tax_85_b2b88c9a";"0.5";"__export__.product_product_14295_1b651563";"__export__.purchase_order_582_a97fce40";"16";"purchase";"uom.product_uom_unit";"0.0";"0.0";"0.0";"5.0";"5.0"
"__export__.purchase_order_line_10998_cdadfe74";"E411 Monitor";"2020-06-11 13:28:34";"0.0";"__export__.account_tax_85_b2b88c9a";"400.0";"__export__.product_product_21102_6f893501";"__export__.purchase_order_582_a97fce40";"17";"purchase";"uom.product_uom_unit";"0.0";"0.0";"0.0";"1.0";"1.0"
"__export__.purchase_order_line_10937_2adf0928";"[1181029] Tuta Tnt 18 gr. (1 pezzo)";"2020-05-17 09:54:01";"0.0";"l10n_it.1_22a";"0.0";"__export__.product_product_21099_46f589d6";"__export__.purchase_order_1691_4ed536dc";"10";"purchase";"uom.product_uom_unit";"0.0";"0.0";"0.0";"1.0";"1.0"
"__export__.purchase_order_line_10936_11d139a6";"[118093] Camice + Cuffia Tnt";"2020-05-17 09:44:00";"0.0";"l10n_it.1_22a";"3.23";"__export__.product_product_21096_9a6f0561";"__export__.purchase_order_1690_e678bc77";"10";"purchase";"uom.product_uom_unit";"0.0";"0.0";"0.0";"50.0";"50.0"
"__export__.purchase_order_line_10831_4d2e5d07";"[118092] Copriscarpe Tnt 30 grammi";"2020-05-14 14:18:39";"0.0";"l10n_it.1_22a";"0.24";"__export__.product_product_21095_5b735d6f";"__export__.purchase_order_1685_bb56e1ae";"10";"purchase";"uom.product_uom_unit";"0.0";"100.0";"100.0";"0.0";"100.0"
"__export__.purchase_order_line_10832_69ce944e";"[118093] Camice + Cuffia Tnt";"2020-05-14 14:18:39";"0.0";"l10n_it.1_22a";"0.0";"__export__.product_product_21096_9a6f0561";"__export__.purchase_order_1685_bb56e1ae";"10";"purchase";"uom.product_uom_unit";"0.0";"100.0";"100.0";"0.0";"100.0"
"__export__.purchase_order_line_10827_10151f8a";"[300] Virkon Flacone (500 gr)";"2020-05-10 14:18:37";"35.0";"l10n_it.1_22a";"113.77";"__export__.product_product_21006_80dbced1";"__export__.purchase_order_1683_c6d229ed";"10";"draft";"uom.product_uom_unit";"0.0";"0.0";"0.0";"1.0";"1.0"
"__export__.purchase_order_line_10685_0c10ae0f";"[01N55] CD Reagente Parte B Sapphire (500 mL)";"2020-05-09 11:00:48";"0.0";"l10n_it.1_22a";"48.56";"__export__.product_product_16254_a59511a1";"__export__.purchase_order_1675_dc25863c";"10";"draft";"__export__.uom_uom_22_b15e9a07";"0.0";"0.0";"0.0";"3.0";"3.0"
"__export__.purchase_order_line_10691_c12212ef";"[12401] CD Diluente Supphire (20 Lt)";"2020-05-09 11:00:48";"0.0";"l10n_it.1_22a";"33.6";"__export__.product_product_16251_2d6fe011";"__export__.purchase_order_1675_dc25863c";"10";"draft";"uom.product_uom_unit";"0.0";"0.0";"0.0";"6.0";"6.0"
"__export__.purchase_order_line_10675_75cc1692";"[03302652190] RE B-HCG Totale Cal. (2x1 mL)";"2020-05-14 11:00:41";"0.0";"l10n_it.1_22a";"26.0";"__export__.product_product_16862_8e3f34a6";"__export__.purchase_order_1674_64dcb65b";"10";"purchase";"__export__.uom_uom_22_b15e9a07";"0.0";"0.0";"0.0";"2.0";"2.0"
"__export__.purchase_order_line_10678_f131619a";"[7212780190] RE Vitamina B12 IIgen Cal. (2x2x1 mL)";"2020-05-10 11:00:41";"0.0";"l10n_it.1_22a";"26.0";"__export__.product_product_16934_7965dbea";"__export__.purchase_order_1674_64dcb65b";"10";"purchase";"__export__.uom_uom_22_b15e9a07";"0.0";"0.0";"0.0";"1.0";"1.0"
"__export__.purchase_order_line_10679_f259bff5";"[07560001190] RE Folati IIIgen Cal. (2x1 mL)";"2020-05-14 11:00:41";"0.0";"l10n_it.1_22a";"26.0";"__export__.product_product_16880_d55226c7";"__export__.purchase_order_1674_64dcb65b";"10";"purchase";"__export__.uom_uom_22_b15e9a07";"0.0";"0.0";"0.0";"2.0";"2.0"
"__export__.purchase_order_line_10921_6c0487da";"[5422485190] RC 311 Ecotergent";"2020-05-09 11:00:41";"0.0";"l10n_it.1_22a";"4.18";"__export__.product_product_15345_4903dc92";"__export__.purchase_order_1674_64dcb65b";"10";"purchase";"__export__.uom_uom_22_b15e9a07";"0.0";"0.0";"0.0";"3.0";"3.0"
"__export__.purchase_order_line_11030_24b05f2b";"[12017504122] RE Insulina Cal. (2x1 mL)";"2020-05-09 11:00:41";"0.0";"l10n_it.1_22a";"26.0";"__export__.product_product_16891_afb2a953";"__export__.purchase_order_1674_64dcb65b";"10";"purchase";"__export__.uom_uom_22_b15e9a07";"0.0";"0.0";"0.0";"1.0";"1.0"
"__export__.purchase_order_line_11033_a27bab09";"[4489225190] RC Sms Cleaner IIgen 1 Cassetta";"2020-05-09 11:00:41";"0.0";"l10n_it.1_22a";"2.86";"__export__.product_product_15323_dc61b18d";"__export__.purchase_order_1674_64dcb65b";"10";"purchase";"__export__.uom_uom_22_b15e9a07";"0.0";"0.0";"0.0";"2.0";"2.0"
"__export__.purchase_order_line_10673_d7c7fbe0";"[33910] MS Bilirubina (25 test)";"2020-05-09 11:00:40";"45.0";"l10n_it.1_22a";"48.0";"__export__.product_product_19311_b241cdf5";"__export__.purchase_order_1673_5800fd5a";"10";"draft";"__export__.uom_uom_22_b15e9a07";"0.0";"0.0";"0.0";"1.0";"2.0"
"__export__.purchase_order_line_10680_5c3d6bab";"[33913] MS Albumina (25 test)";"2020-05-09 11:00:40";"45.0";"l10n_it.1_22a";"48.0";"__export__.product_product_19308_112944d7";"__export__.purchase_order_1673_5800fd5a";"10";"draft";"__export__.uom_uom_22_b15e9a07";"0.0";"0.0";"0.0";"5.0";"5.0"
"__export__.purchase_order_line_10681_1380448a";"[33925] MS Liver (Fegato) (25 test)";"2020-05-09 11:00:40";"45.0";"l10n_it.1_22a";"172.0";"__export__.product_product_19326_9e598169";"__export__.purchase_order_1673_5800fd5a";"10";"draft";"__export__.uom_uom_22_b15e9a07";"0.0";"0.0";"0.0";"4.0";"5.0"
"__export__.purchase_order_line_10683_4248e86e";"[33921] MS Fosfatasi Alcalina (ALP) (25 test)";"2020-05-09 11:00:40";"45.0";"l10n_it.1_22a";"54.0";"__export__.product_product_19309_3c7d6552";"__export__.purchase_order_1673_5800fd5a";"10";"draft";"__export__.uom_uom_22_b15e9a07";"0.0";"0.0";"0.0";"7.0";"11.0"
"__export__.purchase_order_line_10688_5693c316";"[33909] MS Urea (25 test)";"2020-05-09 11:00:40";"45.0";"l10n_it.1_22a";"48.0";"__export__.product_product_19332_b3712ee7";"__export__.purchase_order_1673_5800fd5a";"10";"draft";"__export__.uom_uom_22_b15e9a07";"0.0";"0.0";"0.0";"6.0";"10.0"
"__export__.purchase_order_line_10692_4a2bb6c4";"[31044] MS Tips Blu Ez per 4430 (100 pz)";"2020-05-09 11:00:40";"45.0";"l10n_it.1_22a";"20.0";"__export__.product_product_19304_9e468891";"__export__.purchase_order_1673_5800fd5a";"10";"draft";"__export__.uom_uom_22_b15e9a07";"0.0";"0.0";"0.0";"8.0";"9.0"
"__export__.purchase_order_line_10694_9344419a";"[33927] MS Multi Panel1 (25 test)";"2020-05-09 11:00:40";"45.0";"l10n_it.1_22a";"178.0";"__export__.product_product_19327_9890e44b";"__export__.purchase_order_1673_5800fd5a";"10";"draft";"__export__.uom_uom_22_b15e9a07";"0.0";"0.0";"0.0";"8.0";"10.0"
"__export__.purchase_order_line_10696_3ce35b33";"[33930] MS Kidney2 (Renale) (25 test)";"2020-05-09 11:00:40";"35.0";"l10n_it.1_22a";"110.0";"__export__.product_product_19325_8f616b96";"__export__.purchase_order_1673_5800fd5a";"10";"draft";"__export__.uom_uom_22_b15e9a07";"0.0";"0.0";"0.0";"7.0";"11.0"
"__export__.purchase_order_line_10700_537cc5c3";"[32138] MS Multi PanelV (25 test)";"2020-05-09 11:00:40";"45.0";"l10n_it.1_22a";"195.0";"__export__.product_product_19328_eb550904";"__export__.purchase_order_1673_5800fd5a";"10";"draft";"__export__.uom_uom_22_b15e9a07";"0.0";"0.0";"0.0";"27.0";"32.0"
"__export__.purchase_order_line_10703_0fccf598";"[33922] MS Creatinina (25 test)";"2020-05-09 11:00:40";"35.0";"l10n_it.1_22a";"54.0";"__export__.product_product_19316_b27637e9";"__export__.purchase_order_1673_5800fd5a";"10";"draft";"__export__.uom_uom_22_b15e9a07";"0.0";"0.0";"0.0";"20.0";"27.0"
"__export__.purchase_order_line_10871_b24c5a67";"[33914] MS GOT/AST (25 test)";"2020-05-09 11:00:40";"45.0";"l10n_it.1_22a";"51.0";"__export__.product_product_19321_24236656";"__export__.purchase_order_1673_5800fd5a";"10";"draft";"__export__.uom_uom_22_b15e9a07";"0.0";"0.0";"0.0";"2.0";"2.0"
"__export__.purchase_order_line_10874_ae1a6cbd";"[33915] MS GPT/ALT (25 test)";"2020-05-09 11:00:40";"45.0";"l10n_it.1_22a";"51.0";"__export__.product_product_19322_7dcff646";"__export__.purchase_order_1673_5800fd5a";"10";"draft";"__export__.uom_uom_22_b15e9a07";"0.0";"0.0";"0.0";"6.0";"8.0"
"__export__.purchase_order_line_10940_05bff1e8";"[33931] MS Fosforo (25 test)";"2020-05-09 11:00:40";"45.0";"l10n_it.1_22a";"63.0";"__export__.product_product_19317_f49944ba";"__export__.purchase_order_1673_5800fd5a";"10";"draft";"__export__.uom_uom_22_b15e9a07";"0.0";"0.0";"0.0";"1.0";"1.0"
"__export__.purchase_order_line_10941_1b445965";"[33911] MS Calcio (25 test)";"2020-05-09 11:00:40";"45.0";"l10n_it.1_22a";"48.0";"__export__.product_product_19312_604c450a";"__export__.purchase_order_1673_5800fd5a";"10";"draft";"__export__.uom_uom_22_b15e9a07";"0.0";"0.0";"0.0";"1.0";"1.0"
"__export__.purchase_order_line_10946_a7e62199";"[D6187] MS Tube Serum T/Blu (500 pz)";"2020-05-09 11:00:40";"45.0";"l10n_it.1_22a";"90.0";"__export__.product_product_19306_8b84d358";"__export__.purchase_order_1673_5800fd5a";"10";"draft";"__export__.uom_uom_22_b15e9a07";"0.0";"0.0";"0.0";"1.0";"1.0"
"__export__.purchase_order_line_10956_772c5377";"[D6188] MS Tips Verdi S.4410-20 (500 pz)";"2020-05-09 11:00:40";"35.0";"l10n_it.1_22a";"95.0";"__export__.product_product_19305_fa9c05f0";"__export__.purchase_order_1673_5800fd5a";"10";"draft";"__export__.uom_uom_22_b15e9a07";"0.0";"0.0";"0.0";"2.0";"8.0"
"__export__.purchase_order_line_10957_e681bd76";"[D6186] MS Tubes Blood T/Aranc. (500 pz)";"2020-05-09 11:00:40";"35.0";"l10n_it.1_22a";"200.0";"__export__.product_product_19307_60d03948";"__export__.purchase_order_1673_5800fd5a";"10";"draft";"__export__.uom_uom_22_b15e9a07";"0.0";"0.0";"0.0";"1.0";"1.0"
"__export__.purchase_order_line_10958_8240e961";"[33920] MS Gamma-GT (25 test)";"2020-05-09 11:00:40";"45.0";"l10n_it.1_22a";"54.0";"__export__.product_product_19319_8b1fd6f1";"__export__.purchase_order_1673_5800fd5a";"10";"draft";"__export__.uom_uom_22_b15e9a07";"0.0";"0.0";"0.0";"1.0";"1.0"
"__export__.purchase_order_line_10670_ba47d740";"[118084] Visiera in Policarbonato (1 pezzo)";"2020-05-09 11:00:37";"0.0";"l10n_it.1_22a";"12.0";"__export__.product_product_21084_1bfc6c00";"__export__.purchase_order_1671_9912ce56";"10";"purchase";"uom.product_uom_unit";"0.0";"3.0";"3.0";"0.0";"3.0"
"__export__.purchase_order_line_10708_6d922ff2";"[118069] Visiera in PVC (1 pezzo)";"2020-05-09 11:00:37";"0.0";"l10n_it.1_22a";"3.0";"__export__.product_product_21081_6d8eb646";"__export__.purchase_order_1671_9912ce56";"11";"purchase";"uom.product_uom_unit";"0.0";"30.0";"30.0";"0.0";"30.0"
"__export__.purchase_order_line_10669_ba8d4bf3";"[118079] Termoscanner a Infrarossi (1 pezzo)";"2020-05-09 11:00:37";"0.0";"l10n_it.1_22a";"33.0";"__export__.product_product_21083_12e0084b";"__export__.purchase_order_1670_a2261c57";"10";"draft";"uom.product_uom_unit";"0.0";"0.0";"0.0";"3.0";"5.0"
"__export__.purchase_order_line_10668_180c4380";"[11732234122] RE LH (100 test)";"2020-05-09 11:00:35";"0.0";"l10n_it.1_22a";"47.25";"__export__.product_product_16892_d13d5c5d";"__export__.purchase_order_1669_f49c4e1e";"10";"draft";"__export__.uom_uom_22_b15e9a07";"0.0";"0.0";"0.0";"10.0";"12.0"
"__export__.purchase_order_line_10674_0ffdee43";"[6472931190] RE Anti-TPO IIIgen Cal. (2x2x1,5 mL)";"2020-05-09 11:00:35";"0.0";"l10n_it.1_22a";"18.9";"__export__.product_product_16861_5ae08feb";"__export__.purchase_order_1669_f49c4e1e";"10";"draft";"__export__.uom_uom_22_b15e9a07";"0.0";"0.0";"0.0";"4.0";"4.0"
"__export__.purchase_order_line_10676_d334a8a7";"[04854977190] RE HAV Ab IIgen + Cal. (100 test)";"2020-06-03 11:00:35";"0.0";"l10n_it.1_22a";"144.9";"__export__.product_product_17050_5d8b1ac9";"__export__.purchase_order_1669_f49c4e1e";"10";"draft";"__export__.uom_uom_22_b15e9a07";"0.0";"0.0";"0.0";"3.0";"4.0"
"__export__.purchase_order_line_10677_fbc80cd3";"[6445900190] RE Tireoglobulina Cal. IIgen (2x1 mL)";"2020-05-09 11:00:35";"0.0";"l10n_it.1_22a";"27.3";"__export__.product_product_16927_b0243d28";"__export__.purchase_order_1669_f49c4e1e";"10";"draft";"__export__.uom_uom_22_b15e9a07";"0.0";"0.0";"0.0";"5.0";"5.0"
"__export__.purchase_order_line_10682_cb13a5fd";"[6437222190] RE FT3 IIIgen Cal. (2x1 mL)";"2020-05-09 11:00:35";"0.0";"l10n_it.1_22a";"18.9";"__export__.product_product_16885_2b4bee3f";"__export__.purchase_order_1669_f49c4e1e";"10";"draft";"__export__.uom_uom_22_b15e9a07";"0.0";"0.0";"0.0";"4.0";"5.0"
"__export__.purchase_order_line_10684_87887be9";"[7976879190] RE FT4 IIIgen Cal.";"2020-05-09 11:00:35";"0.0";"l10n_it.1_22a";"18.9";"__export__.product_product_16887_839fcef8";"__export__.purchase_order_1669_f49c4e1e";"10";"draft";"__export__.uom_uom_22_b15e9a07";"0.0";"0.0";"0.0";"2.0";"2.0"
"__export__.purchase_order_line_10686_046a7ffd";"[11775863122] RE FSH (100 test)";"2020-05-09 11:00:35";"0.0";"l10n_it.1_22a";"47.25";"__export__.product_product_16882_e88d2352";"__export__.purchase_order_1669_f49c4e1e";"10";"draft";"__export__.uom_uom_22_b15e9a07";"0.0";"0.0";"0.0";"10.0";"10.0"
"__export__.purchase_order_line_10687_a0cf373b";"[11776193122] RE CA-19.9 (100 test)";"2020-05-09 11:00:35";"0.0";"l10n_it.1_22a";"85.05";"__export__.product_product_16864_84c409c7";"__export__.purchase_order_1669_f49c4e1e";"10";"draft";"__export__.uom_uom_22_b15e9a07";"0.0";"0.0";"0.0";"4.0";"4.0"
"__export__.purchase_order_line_10689_fe9d67e2";"[3045838122] RE CA-15.3 IIgen (100 test)";"2020-05-09 11:00:35";"0.0";"l10n_it.1_22a";"85.05";"__export__.product_product_16863_761b3f1c";"__export__.purchase_order_1669_f49c4e1e";"10";"draft";"__export__.uom_uom_22_b15e9a07";"0.0";"0.0";"0.0";"3.0";"3.0"
"__export__.purchase_order_line_10690_b7007f1b";"[6368921190] RE HCV Ab IIgen + Cal. (100 test)";"2020-05-09 11:00:35";"0.0";"l10n_it.1_22a";"113.4";"__export__.product_product_16857_5682d064";"__export__.purchase_order_1669_f49c4e1e";"10";"draft";"__export__.uom_uom_22_b15e9a07";"0.0";"0.0";"0.0";"15.0";"15.0"
"__export__.purchase_order_line_10693_58e4fcb4";"[4738551190] ZZ RE TSH Cal. (2x2x1,3 mL)";"2020-05-09 11:00:35";"0.0";"l10n_it.1_22a";"25.2";"__export__.product_product_16933_86ab6948";"__export__.purchase_order_1669_f49c4e1e";"10";"draft";"__export__.uom_uom_22_b15e9a07";"0.0";"0.0";"0.0";"1.0";"1.0"
"__export__.purchase_order_line_10695_88755c0b";"[6368697190] RE Anti-Tireoglobulina IIIgen (100 test)";"2020-05-09 11:00:35";"0.0";"l10n_it.1_22a";"60.9";"__export__.product_product_16858_d4ab5307";"__export__.purchase_order_1669_f49c4e1e";"10";"draft";"__export__.uom_uom_22_b15e9a07";"0.0";"0.0";"0.0";"9.0";"9.0"
"__export__.purchase_order_line_10698_e5403fd6";"[3203093190] RE Prolattina IIgen (100 test)";"2020-05-09 11:00:35";"0.0";"l10n_it.1_22a";"59.85";"__export__.product_product_16919_189ffcef";"__export__.purchase_order_1669_f49c4e1e";"10";"draft";"__export__.uom_uom_22_b15e9a07";"0.0";"0.0";"0.0";"12.0";"12.0"
"__export__.purchase_order_line_10699_ada2a92b";"[3289788190] RE PSA Free (100 test)";"2020-05-09 11:00:35";"0.0";"l10n_it.1_22a";"51.45";"__export__.product_product_16920_50f3565c";"__export__.purchase_order_1669_f49c4e1e";"10";"draft";"__export__.uom_uom_22_b15e9a07";"0.0";"0.0";"0.0";"5.0";"5.0"
"__export__.purchase_order_line_10701_27618cd9";"[11731629322] RE CEA (100 test)";"2020-05-09 11:00:35";"0.0";"l10n_it.1_22a";"57.75";"__export__.product_product_16865_c932ec5c";"__export__.purchase_order_1669_f49c4e1e";"10";"draft";"__export__.uom_uom_22_b15e9a07";"0.0";"0.0";"0.0";"9.0";"10.0"
"__export__.purchase_order_line_10702_2f9e6eb3";"[4687787190] RE HBsAg IIgen + Cal. (100 test)";"2020-05-09 11:00:35";"0.0";"l10n_it.1_22a";"56.7";"__export__.product_product_16888_ee8e1773";"__export__.purchase_order_1669_f49c4e1e";"10";"draft";"__export__.uom_uom_22_b15e9a07";"0.0";"0.0";"0.0";"22.0";"23.0"
"__export__.purchase_order_line_10705_669d536d";"[6437206190] RE FT3 IIIgen (200 test)";"2020-05-09 11:00:35";"0.0";"l10n_it.1_22a";"40.95";"__export__.product_product_16884_e3a8e5d0";"__export__.purchase_order_1669_f49c4e1e";"10";"draft";"__export__.uom_uom_22_b15e9a07";"0.0";"0.0";"0.0";"9.0";"10.0"
"__export__.purchase_order_line_10706_8ec1a540";"[1193034611] RE SYS Wash (500 mL)";"2020-05-09 11:00:35";"0.0";"l10n_it.1_22a";"6.3";"__export__.product_product_16854_0e855500";"__export__.purchase_order_1669_f49c4e1e";"10";"draft";"__export__.uom_uom_22_b15e9a07";"0.0";"0.0";"0.0";"12.0";"18.0"
"__export__.purchase_order_line_10848_df2665c5";"[7092547190] RE Progesterone IIIgen Cal. (2x1 mL)";"2020-05-09 11:00:35";"0.0";"l10n_it.1_22a";"24.15";"__export__.product_product_16916_ccc478c9";"__export__.purchase_order_1669_f49c4e1e";"10";"draft";"__export__.uom_uom_22_b15e9a07";"0.0";"0.0";"0.0";"1.0";"2.0"
"__export__.purchase_order_line_10853_4edb3bd9";"[3277356190] RE Prolattina Cal. (2x1 mL)";"2020-05-09 11:00:35";"0.0";"l10n_it.1_22a";"26.25";"__export__.product_product_16918_62f69009";"__export__.purchase_order_1669_f49c4e1e";"10";"draft";"__export__.uom_uom_22_b15e9a07";"0.0";"0.0";"0.0";"2.0";"2.0"
"__export__.purchase_order_line_10872_9664a929";"[4485220190] RE PSA Totale IIgen Cal. (2x1 mL)";"2020-05-09 11:00:35";"0.0";"l10n_it.1_22a";"26.25";"__export__.product_product_16922_c9bce5cf";"__export__.purchase_order_1669_f49c4e1e";"10";"draft";"__export__.uom_uom_22_b15e9a07";"0.0";"0.0";"0.0";"2.0";"2.0"
"__export__.purchase_order_line_10910_e3b39fa3";"[4487761190] RE AFP (Alfafetoproteina) IIgen Cal. (2x1 mL)";"2020-05-09 11:00:35";"0.0";"l10n_it.1_22a";"24.15";"__export__.product_product_16856_efe0d051";"__export__.purchase_order_1669_f49c4e1e";"10";"draft";"__export__.uom_uom_22_b15e9a07";"0.0";"0.0";"0.0";"1.0";"2.0"
"__export__.purchase_order_line_10915_3735cfe2";"[3561097190] RE LH Cal. (2x1 mL)";"2020-05-09 11:00:35";"0.0";"l10n_it.1_22a";"25.2";"__export__.product_product_16893_28a0ab1b";"__export__.purchase_order_1669_f49c4e1e";"10";"draft";"__export__.uom_uom_22_b15e9a07";"0.0";"0.0";"0.0";"2.0";"3.0"
"__export__.purchase_order_line_10959_1fe41283";"[5202230190] RE Testosterone IIgen Cal. (2x1 mL)";"2020-05-09 11:00:35";"0.0";"l10n_it.1_22a";"24.15";"__export__.product_product_16925_93eb526e";"__export__.purchase_order_1669_f49c4e1e";"10";"draft";"__export__.uom_uom_22_b15e9a07";"0.0";"0.0";"0.0";"1.0";"1.0"
"__export__.purchase_order_line_10972_5c304ecc";"[5200067190] RE Testosterone IIgen (100 test)";"2020-05-09 11:00:35";"0.0";"l10n_it.1_22a";"59.85";"__export__.product_product_16926_c4d688ef";"__export__.purchase_order_1669_f49c4e1e";"10";"draft";"__export__.uom_uom_22_b15e9a07";"0.0";"0.0";"0.0";"3.0";"3.0"
"__export__.purchase_order_line_10974_051535a4";"[6368590190] RE Anti-TPO IIIgen (100 test)";"2020-05-09 11:00:35";"0.0";"l10n_it.1_22a";"60.9";"__export__.product_product_16860_a28e9183";"__export__.purchase_order_1669_f49c4e1e";"10";"draft";"__export__.uom_uom_22_b15e9a07";"0.0";"0.0";"0.0";"5.0";"5.0"
"__export__.purchase_order_line_10975_d43b334d";"[6445896190] RE Tireoglobulina IIgen (100 test)";"2020-05-09 11:00:35";"0.0";"l10n_it.1_22a";"60.9";"__export__.product_product_16928_de43bde3";"__export__.purchase_order_1669_f49c4e1e";"10";"draft";"__export__.uom_uom_22_b15e9a07";"0.0";"0.0";"0.0";"4.0";"4.0"
"__export__.purchase_order_line_11019_2d11fed7";"[03184919190] RE C-Peptide Cal. (2x1 mL)";"2020-05-10 11:00:35";"0.0";"l10n_it.1_22a";"18.9";"__export__.product_product_16871_e5a1a353";"__export__.purchase_order_1669_f49c4e1e";"10";"draft";"__export__.uom_uom_22_b15e9a07";"0.0";"0.0";"0.0";"1.0";"1.0"
"__export__.purchase_order_line_11034_597c43f1";"[11731645322] RE CEA Cal. (2x1 mL)";"2020-05-09 11:00:35";"0.0";"l10n_it.1_22a";"25.2";"__export__.product_product_16866_af29a921";"__export__.purchase_order_1669_f49c4e1e";"10";"draft";"__export__.uom_uom_22_b15e9a07";"0.0";"0.0";"0.0";"2.0";"2.0"
"__export__.purchase_order_line_11035_773338d4";"[6656048190] RE Estradiolo IIIgen Cal. (2x2x1 mL)";"2020-05-09 11:00:35";"0.0";"l10n_it.1_22a";"22.05";"__export__.product_product_16877_8586367b";"__export__.purchase_order_1669_f49c4e1e";"10";"draft";"__export__.uom_uom_22_b15e9a07";"0.0";"0.0";"0.0";"1.0";"1.0"
"__export__.purchase_order_line_11047_ddf9c692";"[11379208191] Combur 10 Miditron (100 test)";"2020-05-09 11:00:35";"0.0";"l10n_it.1_22a";"7.8";"__export__.product_product_16326_3ef5eddf";"__export__.purchase_order_1669_f49c4e1e";"10";"draft";"__export__.uom_uom_22_b15e9a07";"0.0";"0.0";"0.0";"11.0";"11.0"
"__export__.purchase_order_line_11066_d2db03ac";"[11662988122] RE Procell (6x380 mL)";"2020-05-09 11:00:35";"0.0";"l10n_it.1_22a";"14.7";"__export__.product_product_16852_185e5405";"__export__.purchase_order_1669_f49c4e1e";"10";"draft";"__export__.uom_uom_22_b15e9a07";"0.0";"0.0";"0.0";"24.0";"24.0"
"__export__.purchase_order_line_10665_1c2adec7";"[A85264] BA B-HCG (100 test)";"2020-05-10 11:00:33";"0.0";"l10n_it.1_22a";"36.99";"__export__.product_product_17299_2e7154fc";"__export__.purchase_order_1668_95753b9e";"10";"draft";"__export__.uom_uom_22_b15e9a07";"0.0";"0.0";"0.0";"2.0";"3.0"
"__export__.purchase_order_line_10666_80f5dfe0";"[37210] BA PSA Free (100 test)";"2020-05-10 11:00:33";"0.0";"l10n_it.1_22a";"70.0";"__export__.product_product_17313_f65ea948";"__export__.purchase_order_1668_95753b9e";"10";"draft";"__export__.uom_uom_22_b15e9a07";"0.0";"0.0";"0.0";"1.0";"2.0"
"__export__.purchase_order_line_10825_2adf0776";"[105634] RE Vitamina B12 IIgen (100 test)";"2020-06-08 11:00:33";"0.0";"l10n_it.1_22a";"45.0";"__export__.product_product_16848_8462cb7f";"__export__.purchase_order_1668_95753b9e";"10";"draft";"__export__.uom_uom_22_b15e9a07";"0.0";"0.0";"0.0";"6.0";"6.0"
"__export__.purchase_order_line_10869_e0891ceb";"[33020] BA Ferritina (100 test)";"2020-05-10 11:00:33";"0.0";"l10n_it.1_22a";"45.0";"__export__.product_product_17304_78293d89";"__export__.purchase_order_1668_95753b9e";"10";"draft";"__export__.uom_uom_22_b15e9a07";"0.0";"0.0";"0.0";"2.0";"4.0"
"__export__.purchase_order_line_10918_09d2bb9e";"[A13422] BA FT3 (100 test)";"2020-05-10 11:00:33";"0.0";"l10n_it.1_22a";"25.73";"__export__.product_product_17306_cd2c9ae3";"__export__.purchase_order_1668_95753b9e";"10";"draft";"__export__.uom_uom_22_b15e9a07";"0.0";"0.0";"0.0";"3.0";"3.0"
"__export__.purchase_order_line_11073_2a961270";"[A98856] BA Vitamina D DXI (2x50 test)";"2020-05-10 11:00:33";"0.0";"l10n_it.1_22a";"130.0";"__export__.product_product_17321_1c1ff72b";"__export__.purchase_order_1668_95753b9e";"10";"draft";"__export__.uom_uom_22_b15e9a07";"0.0";"0.0";"0.0";"9.0";"9.0"
"__export__.purchase_order_line_10658_27f31c43";"[H20215] xHX Diacleaner (1 Lt)";"2020-05-08 14:29:07";"70.0";"l10n_it.1_22a";"35.0";"__export__.product_product_16239_b0a4b55f";"__export__.purchase_order_1666_17008cef";"10";"purchase";"uom.product_uom_unit";"0.0";"0.0";"0.0";"1.0";"1.0"
"__export__.purchase_order_line_10654_fa00335e";"[357423] Soluzione Fisiologica (500 mL)";"2020-05-08 14:29:05";"0.0";"l10n_it.1_22a";"0.6";"__export__.product_product_18249_f0430264";"__export__.purchase_order_1665_b3c8d521";"10";"draft";"__export__.uom_uom_22_b15e9a07";"0.0";"0.0";"0.0";"40.0";"40.0"
"__export__.purchase_order_line_10655_cba424f7";"[3574080] Soluzione Ringer Lattato (500 mL)";"2020-05-08 14:29:05";"0.0";"l10n_it.1_22a";"0.7";"__export__.product_product_19081_43033b93";"__export__.purchase_order_1665_b3c8d521";"10";"draft";"uom.product_uom_unit";"0.0";"0.0";"0.0";"20.0";"20.0"
"__export__.purchase_order_line_10961_5230e9f3";"[GT345] Testina Snap On Univ. 3,2 mm";"2020-05-13 14:29:05";"30.0";"l10n_it.1_22a";"35.9";"__export__.product_product_13179_9afb073a";"__export__.purchase_order_1665_b3c8d521";"10";"draft";"__export__.uom_uom_21_9e24ac02";"0.0";"0.0";"0.0";"1.0";"1.0"
"__export__.purchase_order_line_11031_13acb25b";"[GT330] Testina Snap On Univ. 1,5 mm";"2020-05-08 14:29:05";"30.0";"l10n_it.1_22a";"29.7";"__export__.product_product_13177_b01f0311";"__export__.purchase_order_1665_b3c8d521";"10";"draft";"__export__.uom_uom_21_9e24ac02";"0.0";"0.0";"0.0";"1.0";"1.0"
"__export__.purchase_order_line_11096_1432a001";"[GT366] Testina Snap-On 9,5 #4";"2020-05-08 14:29:05";"30.0";"l10n_it.1_22a";"45.4";"__export__.product_product_13185_e5ae35eb";"__export__.purchase_order_1665_b3c8d521";"10";"draft";"uom.product_uom_unit";"0.0";"0.0";"0.0";"2.0";"2.0"
"__export__.purchase_order_line_10618_3ac9a4fe";"[BIOG SG 6,5] Guanti Chir.St.Mis 6,5 (400 paia)";"2020-05-08 14:28:47";"0.0";"l10n_it.1_22a";"77.86";"__export__.product_product_19363_485f9f20";"__export__.purchase_order_1664_85131f59";"10";"draft";"__export__.uom_uom_22_b15e9a07";"0.0";"0.0";"0.0";"1.0";"1.0"
"__export__.purchase_order_line_10980_2113808f";"[DAR PFG C S] Guanti Latt Spolv Nst (100 pz) S";"2020-05-08 14:28:47";"0.0";"l10n_it.1_22a";"3.9";"__export__.product_product_19373_6c40ba68";"__export__.purchase_order_1664_85131f59";"10";"draft";"__export__.uom_uom_22_b15e9a07";"0.0";"0.0";"0.0";"10.0";"10.0"
"__export__.purchase_order_line_10616_ed43d7eb";"[D/006/1000] Decolorante Pronto all'uso (1 Lt)";"2020-05-08 14:28:46";"0.0";"l10n_it.1_22a";"4.8";"__export__.product_product_16109_d9b17d56";"__export__.purchase_order_1663_a8aade53";"10";"draft";"__export__.uom_uom_22_b15e9a07";"0.0";"0.0";"0.0";"2.0";"2.0"
"__export__.purchase_order_line_10614_6b4be8c1";"[118092] Copriscarpe Tnt 30 grammi";"2020-05-23 14:28:44";"0.0";"l10n_it.1_22a";"0.7";"__export__.product_product_21095_5b735d6f";"__export__.purchase_order_1662_10d58f29";"10";"draft";"uom.product_uom_unit";"0.0";"0.0";"0.0";"2.0";"2.0"
"__export__.purchase_order_line_10603_93b4ad52";"[96206-10] HM Amilasi (10 test)";"2020-05-08 14:28:41";"60.0";"l10n_it.1_22a";"29.0";"__export__.product_product_19149_f591f3a5";"__export__.purchase_order_1660_b12738e6";"10";"draft";"__export__.uom_uom_22_b15e9a07";"0.0";"0.0";"0.0";"1.0";"1.0"
"__export__.purchase_order_line_10605_726506a5";"[96214-10] HM Creatinina (10 test)";"2020-05-08 14:28:41";"60.0";"l10n_it.1_22a";"29.0";"__export__.product_product_19154_37d70e72";"__export__.purchase_order_1660_b12738e6";"10";"draft";"__export__.uom_uom_22_b15e9a07";"0.0";"0.0";"0.0";"4.0";"4.0"
"__export__.purchase_order_line_10606_e8bf894b";"[96219-10] HM Albumina (10 test)";"2020-05-08 14:28:41";"60.0";"l10n_it.1_22a";"29.0";"__export__.product_product_19148_80477372";"__export__.purchase_order_1660_b12738e6";"10";"draft";"__export__.uom_uom_22_b15e9a07";"0.0";"0.0";"0.0";"2.0";"2.0"
"__export__.purchase_order_line_10607_3a771582";"[96228-10] HM Bilirubina Totale (10 test)";"2020-05-08 14:28:41";"60.0";"l10n_it.1_22a";"29.0";"__export__.product_product_19150_fcdbfe2b";"__export__.purchase_order_1660_b12738e6";"10";"draft";"__export__.uom_uom_22_b15e9a07";"0.0";"0.0";"0.0";"2.0";"2.0"
"__export__.purchase_order_line_10608_76b21aed";"[96208-10] HM Glucosio (10 test)";"2020-05-08 14:28:41";"60.0";"l10n_it.1_22a";"29.0";"__export__.product_product_19158_dea75850";"__export__.purchase_order_1660_b12738e6";"10";"draft";"__export__.uom_uom_22_b15e9a07";"0.0";"0.0";"0.0";"1.0";"1.0"
"__export__.purchase_order_line_10609_ceb2f063";"[96204-10] HM GOT/AST (10 test)";"2020-05-08 14:28:41";"60.0";"l10n_it.1_22a";"29.0";"__export__.product_product_19159_2a4fa3c5";"__export__.purchase_order_1660_b12738e6";"10";"draft";"__export__.uom_uom_22_b15e9a07";"0.0";"0.0";"0.0";"3.0";"3.0"
"__export__.purchase_order_line_10610_1802a1bb";"[96205-10] HM GPT/ALT (10 test)";"2020-05-08 14:28:41";"60.0";"l10n_it.1_22a";"29.0";"__export__.product_product_19160_98d183ac";"__export__.purchase_order_1660_b12738e6";"10";"draft";"__export__.uom_uom_22_b15e9a07";"0.0";"0.0";"0.0";"3.0";"3.0"
"__export__.purchase_order_line_10611_61eedf9e";"[96216-10] HM Urea/Bun (10 test)";"2020-05-08 14:28:41";"60.0";"l10n_it.1_22a";"29.0";"__export__.product_product_19165_8d1ba49d";"__export__.purchase_order_1660_b12738e6";"10";"draft";"__export__.uom_uom_22_b15e9a07";"0.0";"0.0";"0.0";"4.0";"4.0"
"__export__.purchase_order_line_10619_1fd04c8f";"[1450] FD Colesterolo (24 test)";"2020-05-08 14:28:41";"55.0";"l10n_it.1_22a";"80.0";"__export__.product_product_19122_e49f63fb";"__export__.purchase_order_1660_b12738e6";"10";"draft";"__export__.uom_uom_22_b15e9a07";"0.0";"0.0";"0.0";"2.0";"2.0"
"__export__.purchase_order_line_10625_426a5879";"[15809621] FD Na/K/Cl (24 test)";"2020-05-08 14:28:41";"55.0";"l10n_it.1_22a";"154.0";"__export__.product_product_19135_9725d44c";"__export__.purchase_order_1660_b12738e6";"10";"draft";"__export__.uom_uom_22_b15e9a07";"0.0";"0.0";"0.0";"2.0";"2.0"
"__export__.purchase_order_line_10628_43c43f4b";"[HM4201] Exigo Diluente (1,9 Lt)";"2020-05-08 14:28:41";"65.0";"l10n_it.1_22a";"72.0";"__export__.product_product_18874_f1f0dff9";"__export__.purchase_order_1660_b12738e6";"10";"draft";"uom.product_uom_unit";"0.0";"0.0";"0.0";"4.0";"9.0"
"__export__.purchase_order_line_10629_c03ac3c2";"[1650] FD Trigliceridi (24 test)";"2020-05-08 14:28:41";"55.0";"l10n_it.1_22a";"80.0";"__export__.product_product_19138_83420059";"__export__.purchase_order_1660_b12738e6";"10";"draft";"__export__.uom_uom_22_b15e9a07";"0.0";"0.0";"0.0";"1.0";"1.0"
"__export__.purchase_order_line_10638_8e622025";"[3050] FD Gamma-GT (24 test)";"2020-05-08 14:28:41";"55.0";"l10n_it.1_22a";"78.0";"__export__.product_product_19128_703885cf";"__export__.purchase_order_1660_b12738e6";"10";"draft";"__export__.uom_uom_22_b15e9a07";"0.0";"0.0";"0.0";"4.0";"4.0"
"__export__.purchase_order_line_10639_b97caed6";"[2050] FD Albumina (24 test)";"2020-05-08 14:28:41";"55.0";"l10n_it.1_22a";"64.0";"__export__.product_product_19117_65f0ef16";"__export__.purchase_order_1660_b12738e6";"10";"draft";"__export__.uom_uom_22_b15e9a07";"0.0";"0.0";"0.0";"6.0";"8.0"
"__export__.purchase_order_line_10640_fe111bdd";"[3550] FD ALP (Fosfatasi Alcalina) (24 test)";"2020-05-08 14:28:41";"55.0";"l10n_it.1_22a";"64.0";"__export__.product_product_19118_935b8246";"__export__.purchase_order_1660_b12738e6";"10";"draft";"__export__.uom_uom_22_b15e9a07";"0.0";"0.0";"0.0";"6.0";"7.0"
"__export__.purchase_order_line_10646_20691a56";"[1050] FD Glucosio (24 test)";"2020-05-08 14:28:41";"55.0";"l10n_it.1_22a";"60.0";"__export__.product_product_19129_0659a1cb";"__export__.purchase_order_1660_b12738e6";"10";"draft";"__export__.uom_uom_22_b15e9a07";"0.0";"0.0";"0.0";"11.0";"14.0"
"__export__.purchase_order_line_10649_471441d8";"[3250] FD GPT/ALT (24 test)";"2020-05-08 14:28:41";"55.0";"l10n_it.1_22a";"60.0";"__export__.product_product_19131_75007967";"__export__.purchase_order_1660_b12738e6";"10";"draft";"__export__.uom_uom_22_b15e9a07";"0.0";"0.0";"0.0";"18.0";"23.0"
"__export__.purchase_order_line_10651_98f6fadb";"[1150] FD Urea-Bun (24 test)";"2020-05-08 14:28:41";"55.0";"l10n_it.1_22a";"64.0";"__export__.product_product_19140_99e2b252";"__export__.purchase_order_1660_b12738e6";"10";"draft";"__export__.uom_uom_22_b15e9a07";"0.0";"0.0";"0.0";"30.0";"37.0"
"__export__.purchase_order_line_10656_f420bffb";"[1750] FD Creatinina (24 test)";"2020-05-08 14:28:41";"55.0";"l10n_it.1_22a";"66.0";"__export__.product_product_19125_14d4ef97";"__export__.purchase_order_1660_b12738e6";"10";"draft";"__export__.uom_uom_22_b15e9a07";"0.0";"0.0";"0.0";"33.0";"39.0"
"__export__.purchase_order_line_10846_e7e22291";"[HM4203] Exigo System Cleaner (1,9 Lt)";"2020-05-08 14:28:41";"50.0";"l10n_it.1_22a";"91.0";"__export__.product_product_18876_308a5e87";"__export__.purchase_order_1660_b12738e6";"10";"draft";"uom.product_uom_unit";"0.0";"0.0";"0.0";"1.0";"2.0"
"__export__.purchase_order_line_10887_dfd69a4a";"[231011401001] URISTIK H-10 100test";"2020-05-08 14:28:41";"0.0";"l10n_it.1_22a";"7.67";"__export__.product_product_16323_a7192d8b";"__export__.purchase_order_1660_b12738e6";"10";"draft";"__export__.uom_uom_22_b15e9a07";"0.0";"0.0";"0.0";"5.0";"5.0"
"__export__.purchase_order_line_10922_8726518b";"[4350] FD Amilasi (24 test)";"2020-05-08 14:28:41";"55.0";"l10n_it.1_22a";"78.0";"__export__.product_product_15349_806f41c1";"__export__.purchase_order_1660_b12738e6";"10";"draft";"__export__.uom_uom_22_b15e9a07";"0.0";"0.0";"0.0";"5.0";"5.0"
"__export__.purchase_order_line_10927_2aafa2db";"[3150] FD GOT/AST (24 test)";"2020-05-08 14:28:41";"55.0";"l10n_it.1_22a";"60.0";"__export__.product_product_19130_2d9590c5";"__export__.purchase_order_1660_b12738e6";"10";"draft";"__export__.uom_uom_22_b15e9a07";"0.0";"0.0";"0.0";"12.0";"13.0"
"__export__.purchase_order_line_11016_fc5912bf";"[15622607] FD Tube 0,5 (500 pz)";"2020-05-08 14:28:41";"55.0";"l10n_it.1_22a";"333.0";"__export__.product_product_18903_b800b571";"__export__.purchase_order_1660_b12738e6";"10";"draft";"__export__.uom_uom_22_b15e9a07";"0.0";"0.0";"0.0";"1.0";"1.0"
"__export__.purchase_order_line_11032_2204327f";"[HM4202] Exigo Lyse (1,9 Lt)";"2020-05-08 14:28:41";"50.0";"l10n_it.1_22a";"271.0";"__export__.product_product_18875_e2785fa9";"__export__.purchase_order_1660_b12738e6";"10";"draft";"uom.product_uom_unit";"0.0";"0.0";"0.0";"1.0";"1.0"
"__export__.purchase_order_line_11041_bb5baf06";"[1850] FD Proteine Totale (24 test)";"2020-05-08 14:28:41";"55.0";"l10n_it.1_22a";"64.0";"__export__.product_product_19136_a2182eed";"__export__.purchase_order_1660_b12738e6";"10";"draft";"__export__.uom_uom_22_b15e9a07";"0.0";"0.0";"0.0";"8.0";"8.0"
"__export__.purchase_order_line_11044_71ecb03c";"[HM4328] Exigo Diluent Max (10 Lt)";"2020-05-08 14:28:41";"50.0";"l10n_it.1_22a";"293.0";"__export__.product_product_19114_3c02a3af";"__export__.purchase_order_1660_b12738e6";"10";"draft";"uom.product_uom_unit";"0.0";"0.0";"0.0";"1.0";"1.0"
"__export__.purchase_order_line_10601_8837f117";"[10023] Chocolate Agar (20 test)";"2020-05-08 14:28:39";"58.0";"l10n_it.1_22a";"20.1";"__export__.product_product_15682_17502be9";"__export__.purchase_order_1659_c7ad9b4e";"10";"purchase";"__export__.uom_uom_22_b15e9a07";"0.0";"0.0";"0.0";"1.0";"1.0"
"__export__.purchase_order_line_10604_09312d65";"[74160] Urin System Plus (20 test)";"2020-05-08 14:28:39";"35.0";"l10n_it.1_22a";"129.8";"__export__.product_product_16001_c3325dbf";"__export__.purchase_order_1659_c7ad9b4e";"10";"purchase";"__export__.uom_uom_22_b15e9a07";"0.0";"0.0";"0.0";"2.0";"2.0"
"__export__.purchase_order_line_10617_7b98a559";"[93011] Fibrinogeno (12 test)";"2020-05-08 14:28:39";"53.0";"l10n_it.1_22a";"34.0";"__export__.product_product_17449_b5b83715";"__export__.purchase_order_1659_c7ad9b4e";"10";"purchase";"__export__.uom_uom_22_b15e9a07";"0.0";"0.0";"0.0";"1.0";"1.0"
"__export__.purchase_order_line_10620_87892bec";"[50021] Dermatest (10 tubi)";"2020-05-08 14:28:39";"57.0";"l10n_it.1_22a";"20.1";"__export__.product_product_15722_c12a4610";"__export__.purchase_order_1659_c7ad9b4e";"10";"purchase";"__export__.uom_uom_22_b15e9a07";"0.0";"0.0";"0.0";"1.0";"1.0"
"__export__.purchase_order_line_10623_4556fb54";"[93012] Antitrombina III (12 test)";"2020-05-08 14:28:39";"53.0";"l10n_it.1_22a";"30.0";"__export__.product_product_17441_93e3e34b";"__export__.purchase_order_1659_c7ad9b4e";"10";"purchase";"__export__.uom_uom_22_b15e9a07";"0.0";"0.0";"0.0";"1.0";"1.0"
"__export__.purchase_order_line_10630_2838dd63";"[93104] IgA-IgG-IgM Multiplate (4x3 test)";"2020-05-08 14:28:39";"53.0";"l10n_it.1_22a";"27.0";"__export__.product_product_17451_39267355";"__export__.purchase_order_1659_c7ad9b4e";"10";"purchase";"__export__.uom_uom_22_b15e9a07";"0.0";"0.0";"0.0";"2.0";"2.0"
"__export__.purchase_order_line_10634_56ee5da9";"[500232] Urinotube Cetrimide-CLED-Mac Conkey (20 test)";"2020-05-08 14:28:39";"0.0";"l10n_it.1_22a";"7.72";"__export__.product_product_16003_72a98dc4";"__export__.purchase_order_1659_c7ad9b4e";"10";"purchase";"__export__.uom_uom_22_b15e9a07";"0.0";"0.0";"0.0";"2.0";"2.0"
"__export__.purchase_order_line_10635_7aeffd36";"[9017/1] Cefotaxime (CTX) 30ug (50 test)";"2020-05-08 14:28:39";"0.0";"l10n_it.1_22a";"3.48";"__export__.product_product_15662_15095014";"__export__.purchase_order_1659_c7ad9b4e";"10";"purchase";"__export__.uom_uom_22_b15e9a07";"0.0";"0.0";"0.0";"5.0";"5.0"
"__export__.purchase_order_line_10636_13499aa7";"[10036] S.S. (20 test)";"2020-05-08 14:28:39";"58.0";"l10n_it.1_22a";"17.9";"__export__.product_product_15919_8577f29d";"__export__.purchase_order_1659_c7ad9b4e";"10";"purchase";"__export__.uom_uom_22_b15e9a07";"0.0";"0.0";"0.0";"3.0";"3.0"
"__export__.purchase_order_line_10637_be81dfdc";"[9056/1] Ciprofloxacin (CIP) 5ug (50 test)";"2020-05-08 14:28:39";"0.0";"l10n_it.1_22a";"3.48";"__export__.product_product_15699_52616e2d";"__export__.purchase_order_1659_c7ad9b4e";"10";"purchase";"__export__.uom_uom_22_b15e9a07";"0.0";"0.0";"0.0";"5.0";"5.0"
"__export__.purchase_order_line_10642_e1f19e6e";"[11611] Chromatic Detection (20 test)";"2020-05-08 14:28:39";"47.0";"l10n_it.1_22a";"33.0";"__export__.product_product_15690_25bb6113";"__export__.purchase_order_1659_c7ad9b4e";"10";"purchase";"__export__.uom_uom_22_b15e9a07";"0.0";"0.0";"0.0";"10.0";"10.0"
"__export__.purchase_order_line_10643_1ecddf22";"[74156] Genital System Af (20 test)";"2020-05-08 14:28:39";"0.0";"l10n_it.1_22a";"83.63";"__export__.product_product_15761_dfd30063";"__export__.purchase_order_1659_c7ad9b4e";"10";"purchase";"__export__.uom_uom_22_b15e9a07";"0.0";"0.0";"0.0";"2.0";"2.0"
"__export__.purchase_order_line_10644_de73fcbc";"[11035] Sabouraud + Caf Agar (20 test)";"2020-05-08 14:28:39";"0.0";"l10n_it.1_22a";"5.57";"__export__.product_product_15923_c279c78c";"__export__.purchase_order_1659_c7ad9b4e";"10";"purchase";"__export__.uom_uom_22_b15e9a07";"0.0";"0.0";"0.0";"10.0";"10.0"
"__export__.purchase_order_line_10645_44a726a5";"[10030] Sale Mannite Agar (20 test)";"2020-05-08 14:28:39";"0.0";"l10n_it.1_22a";"5.57";"__export__.product_product_15936_cf8a3007";"__export__.purchase_order_1659_c7ad9b4e";"10";"purchase";"__export__.uom_uom_22_b15e9a07";"0.0";"0.0";"0.0";"10.0";"10.0"
"__export__.purchase_order_line_10647_f47903b3";"[10031] Mueller Hinton Agar (20 test)";"2020-05-08 14:28:39";"0.0";"l10n_it.1_22a";"5.57";"__export__.product_product_15844_54f176ef";"__export__.purchase_order_1659_c7ad9b4e";"10";"purchase";"__export__.uom_uom_22_b15e9a07";"0.0";"0.0";"0.0";"10.0";"10.0"
"__export__.purchase_order_line_10648_f96023c8";"[829011] Acqua Ossigenata (1 Lt)";"2020-05-13 14:28:39";"0.0";"l10n_it.1_22a";"0.65";"__export__.product_product_18023_eb815483";"__export__.purchase_order_1659_c7ad9b4e";"10";"purchase";"__export__.uom_uom_22_b15e9a07";"0.0";"0.0";"0.0";"12.0";"12.0"
"__export__.purchase_order_line_10650_18795031";"[51023] Urinotube Cetrimide-CLED-Mac Conkey (120 pz)";"2020-05-08 14:28:39";"0.0";"l10n_it.1_22a";"38.63";"__export__.product_product_16002_82da6713";"__export__.purchase_order_1659_c7ad9b4e";"10";"purchase";"__export__.uom_uom_22_b15e9a07";"0.0";"0.0";"0.0";"5.0";"5.0"
"__export__.purchase_order_line_10660_bceae86b";"[9158/1] Nitrofurantoin (F) 100ug (50 test)";"2020-05-08 14:28:39";"0.0";"l10n_it.1_22a";"3.48";"__export__.product_product_15857_5a85eedd";"__export__.purchase_order_1659_c7ad9b4e";"10";"purchase";"__export__.uom_uom_22_b15e9a07";"0.0";"0.0";"0.0";"5.0";"5.0"
"__export__.purchase_order_line_10661_e13827b4";"[51040] Urinotube Malto-CLED-Mac Conkey (120 test)";"2020-05-08 14:28:39";"57.0";"l10n_it.1_22a";"130.1";"__export__.product_product_16006_3b57a91e";"__export__.purchase_order_1659_c7ad9b4e";"10";"purchase";"__export__.uom_uom_22_b15e9a07";"0.0";"0.0";"0.0";"1.0";"1.0"
"__export__.purchase_order_line_10697_86c44ea9";"[11024] Columbia Cna Agar (20 test)";"2020-05-08 14:28:39";"0.0";"l10n_it.1_22a";"6.49";"__export__.product_product_15714_9c13febe";"__export__.purchase_order_1659_c7ad9b4e";"10";"purchase";"__export__.uom_uom_22_b15e9a07";"0.0";"0.0";"0.0";"8.0";"8.0"
"__export__.purchase_order_line_10900_88801f5a";"[89156] Enterobacter aerogenes ATCC  13048 (5 pellets)";"2020-05-13 14:28:39";"20.0";"l10n_it.1_22a";"125.0";"__export__.product_product_21098_1157ca0b";"__export__.purchase_order_1659_c7ad9b4e";"10";"purchase";"uom.product_uom_unit";"0.0";"0.0";"0.0";"1.0";"1.0"
"__export__.purchase_order_line_10914_29ee9c41";"[24513] Tryptic Soy Broth (20 tubi)";"2020-05-08 14:28:39";"40.0";"l10n_it.1_22a";"24.0";"__export__.product_product_15994_3c2b2880";"__export__.purchase_order_1659_c7ad9b4e";"10";"purchase";"__export__.uom_uom_22_b15e9a07";"0.0";"0.0";"0.0";"2.0";"2.0"
"__export__.purchase_order_line_10928_de6e3c0a";"[10029] Mac Conkey Agar (20 test)";"2020-05-08 14:28:39";"0.0";"l10n_it.1_22a";"5.57";"__export__.product_product_15813_0cb0db29";"__export__.purchase_order_1659_c7ad9b4e";"10";"purchase";"__export__.uom_uom_22_b15e9a07";"0.0";"0.0";"0.0";"10.0";"10.0"
"__export__.purchase_order_line_10930_382441dd";"[11612] Chromatic Candida (20 test)";"2020-05-08 14:28:39";"47.0";"l10n_it.1_22a";"40.0";"__export__.product_product_15683_33acd169";"__export__.purchase_order_1659_c7ad9b4e";"10";"purchase";"__export__.uom_uom_22_b15e9a07";"0.0";"0.0";"0.0";"1.0";"1.0"
"__export__.purchase_order_line_10931_ade03027";"[10412] Legionella Byce Ag C-Cysteine (20 test)";"2020-05-08 14:28:39";"58.0";"l10n_it.1_22a";"40.0";"__export__.product_product_15795_0512cbff";"__export__.purchase_order_1659_c7ad9b4e";"10";"purchase";"__export__.uom_uom_22_b15e9a07";"0.0";"0.0";"0.0";"2.0";"2.0"
"__export__.purchase_order_line_10932_52b11be3";"[10128] Legionella Agar (Gvpc) (20 test)";"2020-05-08 14:28:39";"58.0";"l10n_it.1_22a";"53.0";"__export__.product_product_15799_32371b69";"__export__.purchase_order_1659_c7ad9b4e";"10";"purchase";"__export__.uom_uom_22_b15e9a07";"0.0";"0.0";"0.0";"2.0";"2.0"
"__export__.purchase_order_line_10934_7633255d";"[20158] Mycoplasma Transp.Broth (20 tubi)";"2020-05-08 14:28:39";"40.0";"l10n_it.1_22a";"21.6";"__export__.product_product_15849_42602c34";"__export__.purchase_order_1659_c7ad9b4e";"10";"purchase";"__export__.uom_uom_22_b15e9a07";"0.0";"0.0";"0.0";"1.0";"1.0"
"__export__.purchase_order_line_10600_226fdcee";"[500-0038-12] AV Comprehensive Diagnostic (14x12 test)";"2020-05-08 14:28:37";"0.0";"__export__.account_tax_85_b2b88c9a";"151.2";"__export__.product_product_20619_c6b7aed4";"__export__.purchase_order_1658_cb97a77b";"10";"draft";"uom.product_uom_unit";"0.0";"0.0";"0.0";"84.0";"88.0"
"__export__.purchase_order_line_10612_5b9bc69d";"[500-0047-12] AV Avian / Reptilian Profile Plus (12 test) (copia)";"2020-06-07 14:28:37";"0.0";"__export__.account_tax_85_b2b88c9a";"262.0";"__export__.product_product_21047_efeb5365";"__export__.purchase_order_1658_cb97a77b";"10";"draft";"uom.product_uom_unit";"0.0";"0.0";"0.0";"1.0";"1.0"
"__export__.purchase_order_line_10659_3535dac2";"[500-0045-12] AV Kidney Plus (10x12 test)";"2020-05-08 14:28:37";"0.0";"__export__.account_tax_85_b2b88c9a";"135.45";"__export__.product_product_20622_31c4e2a9";"__export__.purchase_order_1658_cb97a77b";"10";"draft";"uom.product_uom_unit";"0.0";"0.0";"0.0";"2.0";"2.0"
"__export__.purchase_order_line_10987_deafbcd6";"[500-0037-12] AV T4 Colesterolo (6x12 test)";"2020-05-08 14:28:37";"0.0";"__export__.account_tax_85_b2b88c9a";"142.8";"__export__.product_product_20626_1ebf9982";"__export__.purchase_order_1658_cb97a77b";"10";"draft";"uom.product_uom_unit";"0.0";"0.0";"0.0";"1.0";"1.0"
"__export__.purchase_order_line_10823_8d9fab30";"[113012] Coronavirus COVID-19 IgG e IgM Rapido (25 test)";"2020-05-18 14:03:05";"0.0";"l10n_it.1_22a";"162.5";"__export__.product_product_21094_ca3ac9f8";"__export__.purchase_order_1681_eb22b6cf";"10";"purchase";"uom.product_uom_unit";"0.0";"0.0";"0.0";"40.0";"40.0"
"__export__.purchase_order_line_10822_efb89a1c";"[T01-3621-52] SE Diff Timepack (650 mL)";"2020-05-08 14:00:15";"0.0";"__export__.account_tax_85_b2b88c9a";"86.09";"__export__.product_product_16191_20ade7ad";"__export__.purchase_order_1680_f6e6285a";"10";"purchase";"__export__.uom_uom_22_b15e9a07";"0.0";"7.0";"7.0";"0.0";"7.0"
"__export__.purchase_order_line_10821_e11bb368";"[P005193] Gel Igienizzante Mani (500 mL)";"2020-05-12 13:24:56";"0.0";"l10n_it.1_22a";"3.97";"__export__.product_product_21097_a1e28cea";"__export__.purchase_order_1679_cb740d63";"10";"purchase";"uom.product_uom_unit";"0.0";"18.0";"18.0";"0.0";"18.0"
"__export__.purchase_order_line_10813_436347fa";"[2522CM32] RY 2,5mL 22G Siringhe Ago Nero (800 pz)";"2020-05-18 12:50:30";"0.0";"l10n_it.1_22a";"25.5";"__export__.product_product_18085_45090e63";"__export__.purchase_order_1678_8263f98d";"10";"cancel";"__export__.uom_uom_22_b15e9a07";"0.0";"0.0";"0.0";"4.0";"4.0"
"__export__.purchase_order_line_10814_000507aa";"[DAR PFG C L] Guanti Latt Spolv Nst (100 pz) L";"2020-05-08 12:50:30";"0.0";"l10n_it.1_22a";"3.9";"__export__.product_product_19371_4ce80815";"__export__.purchase_order_1678_8263f98d";"10";"cancel";"__export__.uom_uom_22_b15e9a07";"0.0";"0.0";"0.0";"50.0";"50.0"
"__export__.purchase_order_line_10815_d068bf05";"[DAR PFG C S] Guanti Latt Spolv Nst (100 pz) S";"2020-05-08 12:50:30";"0.0";"l10n_it.1_22a";"3.9";"__export__.product_product_19373_6c40ba68";"__export__.purchase_order_1678_8263f98d";"11";"cancel";"__export__.uom_uom_22_b15e9a07";"0.0";"0.0";"0.0";"50.0";"50.0"
"__export__.purchase_order_line_10816_24dc05fb";"[DAR PFG C S] Guanti Latt Spolv Nst (100 pz) S";"2020-05-08 12:50:30";"0.0";"l10n_it.1_22a";"3.9";"__export__.product_product_19373_6c40ba68";"__export__.purchase_order_1678_8263f98d";"12";"cancel";"__export__.uom_uom_22_b15e9a07";"0.0";"0.0";"0.0";"50.0";"50.0"
"__export__.purchase_order_line_10817_5ad5257c";"[DAR EX C/S] Guanti Lattice S C/Polvere (100 pz)";"2020-05-23 12:50:30";"0.0";"l10n_it.1_22a";"3.3";"__export__.product_product_18058_3dc3106a";"__export__.purchase_order_1678_8263f98d";"13";"cancel";"__export__.uom_uom_22_b15e9a07";"0.0";"0.0";"0.0";"200.0";"200.0"
"__export__.purchase_order_line_10818_28354b03";"[DAR EX C/M] Guanti Lattice M C/Polvere (100 pz)";"2020-05-08 12:50:30";"0.0";"l10n_it.1_22a";"3.3";"__export__.product_product_18057_5bf11f9b";"__export__.purchase_order_1678_8263f98d";"14";"cancel";"__export__.uom_uom_22_b15e9a07";"0.0";"0.0";"0.0";"200.0";"200.0"
"__export__.purchase_order_line_10819_d8889ad5";"[DAR EX C/L] Guanti Lattice L C/Polvere (100 pz)";"2020-05-08 12:50:30";"0.0";"l10n_it.1_22a";"3.3";"__export__.product_product_18056_66208eb4";"__export__.purchase_order_1678_8263f98d";"15";"cancel";"__export__.uom_uom_22_b15e9a07";"0.0";"0.0";"0.0";"100.0";"100.0"
"__export__.purchase_order_line_10709_18c1b0de";"[025321-S] T ACTH Cal. (6x1 mL)";"2020-05-08 12:30:31";"30.0";"l10n_it.1_22a";"59.85";"__export__.product_product_17077_012c644d";"__export__.purchase_order_1677_0cc842bf";"10";"purchase";"__export__.uom_uom_22_b15e9a07";"0.0";"0.0";"0.0";"2.0";"2.0"
"__export__.purchase_order_line_10710_2808085a";"[025326-S] T Omocisteina Cal. (6x1 mL)";"2020-05-08 12:30:31";"30.0";"l10n_it.1_22a";"55.65";"__export__.product_product_17138_8d295b0a";"__export__.purchase_order_1677_0cc842bf";"10";"purchase";"__export__.uom_uom_22_b15e9a07";"0.0";"0.0";"0.0";"2.0";"2.0"
"__export__.purchase_order_line_10711_92769b46";"[020358-S] T T4 Cal. (6x1 mL)";"2020-05-08 12:30:31";"30.0";"l10n_it.1_22a";"60.06";"__export__.product_product_17165_b621508f";"__export__.purchase_order_1677_0cc842bf";"10";"purchase";"__export__.uom_uom_22_b15e9a07";"0.0";"0.0";"0.0";"2.0";"2.0"
"__export__.purchase_order_line_10712_d212e6ad";"[25432] T D-Dimero Ctrl. (2x1 mL)";"2020-05-08 12:30:31";"30.0";"l10n_it.1_22a";"48.3";"__export__.product_product_17106_a12c15b9";"__export__.purchase_order_1677_0cc842bf";"10";"purchase";"__export__.uom_uom_22_b15e9a07";"0.0";"0.0";"0.0";"1.0";"1.0"
"__export__.purchase_order_line_10713_499ecf24";"[025336-S] T Osteocalcina Cal. (6x1 mL)";"2020-05-08 12:30:31";"30.0";"l10n_it.1_22a";"55.0";"__export__.product_product_17142_9f89a714";"__export__.purchase_order_1677_0cc842bf";"10";"purchase";"__export__.uom_uom_22_b15e9a07";"0.0";"0.0";"0.0";"2.0";"2.0"
"__export__.purchase_order_line_10714_5f265431";"[025222-20] T DHEA-S (20 test)";"2020-05-08 12:30:31";"30.0";"l10n_it.1_22a";"41.2";"__export__.product_product_17108_0d750185";"__export__.purchase_order_1677_0cc842bf";"10";"purchase";"__export__.uom_uom_22_b15e9a07";"0.0";"0.0";"0.0";"5.0";"5.0"
"__export__.purchase_order_line_10715_de15e8b9";"[020390-S] T Anti-TPO Cal. (6x1 mL)";"2020-05-08 12:30:31";"30.0";"l10n_it.1_22a";"66.61";"__export__.product_product_17176_3b80f40d";"__export__.purchase_order_1677_0cc842bf";"10";"purchase";"__export__.uom_uom_22_b15e9a07";"0.0";"0.0";"0.0";"4.0";"4.0"
"__export__.purchase_order_line_10716_8f2df6f1";"[020391-S] T Anti-Tireoglobulina Cal. (6x1 mL)";"2020-05-08 12:30:31";"30.0";"l10n_it.1_22a";"66.61";"__export__.product_product_17170_b6eaa3c8";"__export__.purchase_order_1677_0cc842bf";"10";"purchase";"__export__.uom_uom_22_b15e9a07";"0.0";"0.0";"0.0";"2.0";"2.0"
"__export__.purchase_order_line_10717_770a8c0d";"[020362-S] T PAP Cal. (2x1 mL)";"2020-05-08 12:30:31";"30.0";"l10n_it.1_22a";"19.66";"__export__.product_product_17146_b06d207c";"__export__.purchase_order_1677_0cc842bf";"10";"purchase";"__export__.uom_uom_22_b15e9a07";"0.0";"0.0";"0.0";"4.0";"4.0"
"__export__.purchase_order_line_10718_fd11adcc";"[020369-S] T CK-MB Cal. (6x1 mL)";"2020-05-08 12:30:31";"30.0";"l10n_it.1_22a";"63.34";"__export__.product_product_17098_6ff4a2f5";"__export__.purchase_order_1677_0cc842bf";"10";"purchase";"__export__.uom_uom_22_b15e9a07";"0.0";"0.0";"0.0";"2.0";"2.0"
"__export__.purchase_order_line_10719_99e3bc58";"[020502-F] T 27.29 (CA-15.3) Diluente (100 mL)";"2020-05-08 12:30:31";"30.0";"l10n_it.1_22a";"25.12";"__export__.product_product_17075_824810ad";"__export__.purchase_order_1677_0cc842bf";"10";"purchase";"__export__.uom_uom_25_f80d9473";"0.0";"0.0";"0.0";"4.0";"4.0"
"__export__.purchase_order_line_10720_d080820f";"[025269-20] T CK-MB (20 test)";"2020-05-08 12:30:31";"30.0";"l10n_it.1_22a";"28.8";"__export__.product_product_17097_1c11c039";"__export__.purchase_order_1677_0cc842bf";"10";"purchase";"__export__.uom_uom_22_b15e9a07";"0.0";"0.0";"0.0";"5.0";"5.0"
"__export__.purchase_order_line_10721_7542f633";"[025334-S] T Vitamina D Cal. (6x1 mL)";"2020-05-08 12:30:31";"30.0";"l10n_it.1_22a";"48.0";"__export__.product_product_17187_d672b3ad";"__export__.purchase_order_1677_0cc842bf";"10";"purchase";"__export__.uom_uom_22_b15e9a07";"0.0";"0.0";"0.0";"2.0";"2.0"
"__export__.purchase_order_line_10722_3107ac99";"[025322-S] T DHEA-S Cal. (6x1 mL)";"2020-05-08 12:30:31";"30.0";"l10n_it.1_22a";"59.85";"__export__.product_product_17109_999e50de";"__export__.purchase_order_1677_0cc842bf";"10";"purchase";"__export__.uom_uom_22_b15e9a07";"0.0";"0.0";"0.0";"2.0";"2.0"
"__export__.purchase_order_line_10723_2feab5ad";"[025321-S] T ACTH Cal. (6x1 mL)";"2020-05-08 12:30:31";"30.0";"l10n_it.1_22a";"59.85";"__export__.product_product_17077_012c644d";"__export__.purchase_order_1677_0cc842bf";"10";"purchase";"__export__.uom_uom_22_b15e9a07";"0.0";"0.0";"0.0";"2.0";"2.0"
"__export__.purchase_order_line_10724_76b802c7";"[025328-S] T BNP Cal. (6x1 mL)";"2020-05-08 12:30:31";"30.0";"l10n_it.1_22a";"53.55";"__export__.product_product_17089_79651890";"__export__.purchase_order_1677_0cc842bf";"10";"purchase";"__export__.uom_uom_22_b15e9a07";"0.0";"0.0";"0.0";"2.0";"2.0"
"__export__.purchase_order_line_10725_8101e667";"[025332-S] T D-Dimero Cal. (6x1 mL)";"2020-05-08 12:30:31";"30.0";"l10n_it.1_22a";"50.0";"__export__.product_product_17105_34b3f435";"__export__.purchase_order_1677_0cc842bf";"10";"purchase";"__export__.uom_uom_22_b15e9a07";"0.0";"0.0";"0.0";"2.0";"2.0"
"__export__.purchase_order_line_10726_f4753b4b";"[025327-S] T Tireoglobulina Cal. (6x1 mL)";"2020-05-08 12:30:31";"30.0";"l10n_it.1_22a";"35.0";"__export__.product_product_17173_a21b0c44";"__export__.purchase_order_1677_0cc842bf";"10";"purchase";"uom.product_uom_unit";"0.0";"0.0";"0.0";"2.0";"2.0"
"__export__.purchase_order_line_10727_3c3f3cbc";"[020590-F] T Anti-TPO/Anti-Tireoglobulina Diluente (100 mL)";"2020-05-08 12:30:31";"30.0";"l10n_it.1_22a";"17.49";"__export__.product_product_17178_438c66d2";"__export__.purchase_order_1677_0cc842bf";"10";"purchase";"__export__.uom_uom_25_f80d9473";"0.0";"0.0";"0.0";"4.0";"4.0"
"__export__.purchase_order_line_10728_09e3a292";"[960474-S] T Multianalita Ctrl. (3x3 mL)";"2020-05-08 12:30:31";"30.0";"l10n_it.1_22a";"133.22";"__export__.product_product_17134_93adb536";"__export__.purchase_order_1677_0cc842bf";"10";"purchase";"__export__.uom_uom_22_b15e9a07";"0.0";"0.0";"0.0";"2.0";"2.0"
"__export__.purchase_order_line_10729_dcff226f";"[025311-S] T PSA Free Cal. (6x1 mL)";"2020-05-08 12:30:31";"30.0";"l10n_it.1_22a";"58.97";"__export__.product_product_17150_9ac11b28";"__export__.purchase_order_1677_0cc842bf";"10";"purchase";"__export__.uom_uom_22_b15e9a07";"0.0";"0.0";"0.0";"2.0";"2.0"
"__export__.purchase_order_line_10730_25b73590";"[020385-S] T SLA (CA-19.9) Cal. (6x1 mL)";"2020-05-08 12:30:31";"30.0";"l10n_it.1_22a";"19.66";"__export__.product_product_17162_4feaed48";"__export__.purchase_order_1677_0cc842bf";"10";"purchase";"__export__.uom_uom_22_b15e9a07";"0.0";"0.0";"0.0";"2.0";"2.0"
"__export__.purchase_order_line_10731_e633bb3d";"[025315-S] T Troponina I IIIgen Cal. (6x1 mL)";"2020-05-08 12:30:31";"30.0";"l10n_it.1_22a";"50.23";"__export__.product_product_17180_cda2c6ac";"__export__.purchase_order_1677_0cc842bf";"10";"purchase";"__export__.uom_uom_22_b15e9a07";"0.0";"0.0";"0.0";"2.0";"2.0"
"__export__.purchase_order_line_10732_5389ef3f";"[020302-S] T 27.29 (CA-15.3) Cal. (6x1 mL)";"2020-05-08 12:30:31";"30.0";"l10n_it.1_22a";"77.53";"__export__.product_product_17074_a4303642";"__export__.purchase_order_1677_0cc842bf";"10";"purchase";"__export__.uom_uom_22_b15e9a07";"0.0";"0.0";"0.0";"2.0";"2.0"
"__export__.purchase_order_line_10733_d0613476";"[020559-F] T B2 Microglobulina Diluente (10 mL)";"2020-05-08 12:30:31";"30.0";"l10n_it.1_22a";"4.37";"__export__.product_product_17084_341ef6ed";"__export__.purchase_order_1677_0cc842bf";"10";"purchase";"__export__.uom_uom_25_f80d9473";"0.0";"0.0";"0.0";"4.0";"4.0"
"__export__.purchase_order_line_10734_909fc39c";"[025258-20] T T4 (20 test)";"2020-05-08 12:30:31";"30.0";"l10n_it.1_22a";"12.4";"__export__.product_product_17166_fb39ef8f";"__export__.purchase_order_1677_0cc842bf";"10";"purchase";"__export__.uom_uom_22_b15e9a07";"0.0";"0.0";"0.0";"5.0";"5.0"
"__export__.purchase_order_line_10735_c5156968";"[025304-S] T Testosterone Cal. (6x1 mL)";"2020-05-08 12:30:31";"30.0";"l10n_it.1_22a";"92.9";"__export__.product_product_17168_3b68ee80";"__export__.purchase_order_1677_0cc842bf";"10";"purchase";"__export__.uom_uom_22_b15e9a07";"0.0";"0.0";"0.0";"2.0";"2.0"
"__export__.purchase_order_line_10736_e9cce240";"[020359-S] T B2 Microglob Cal. (6x1 mL)";"2020-05-08 12:30:31";"30.0";"l10n_it.1_22a";"58.97";"__export__.product_product_17082_ad79e7eb";"__export__.purchase_order_1677_0cc842bf";"10";"purchase";"__export__.uom_uom_22_b15e9a07";"0.0";"0.0";"0.0";"2.0";"2.0"
"__export__.purchase_order_line_10737_26996454";"[025259-20] T B2 Microglobina (20 test)";"2020-05-08 12:30:31";"30.0";"l10n_it.1_22a";"22.4";"__export__.product_product_17083_725fdf9c";"__export__.purchase_order_1677_0cc842bf";"10";"purchase";"__export__.uom_uom_22_b15e9a07";"0.0";"0.0";"0.0";"5.0";"5.0"
"__export__.purchase_order_line_10738_9e1ef0e3";"[19553] T G7 Tampone 2 (800 mL)";"2020-05-08 12:30:31";"30.0";"l10n_it.1_22a";"72.45";"__export__.product_product_18519_6b246828";"__export__.purchase_order_1677_0cc842bf";"10";"purchase";"__export__.uom_uom_22_b15e9a07";"0.0";"0.0";"0.0";"1.0";"1.0"
"__export__.purchase_order_line_10739_f697967e";"[19554] T G7 Tampone 3 (800 mL)";"2020-05-08 12:30:31";"30.0";"l10n_it.1_22a";"72.45";"__export__.product_product_18520_1e0e2645";"__export__.purchase_order_1677_0cc842bf";"10";"purchase";"__export__.uom_uom_22_b15e9a07";"0.0";"0.0";"0.0";"1.0";"1.0"
"__export__.purchase_order_line_10740_239fe391";"[025266-20] T HGH (20 test)";"2020-05-08 12:30:31";"30.0";"l10n_it.1_22a";"28.8";"__export__.product_product_17126_3e1a9762";"__export__.purchase_order_1677_0cc842bf";"10";"purchase";"__export__.uom_uom_22_b15e9a07";"0.0";"0.0";"0.0";"5.0";"5.0"
"__export__.purchase_order_line_10741_4a18877a";"[020352-S] T AFP (Alfafetoproteina) Cal. (2x1 mL)";"2020-05-08 12:30:31";"30.0";"l10n_it.1_22a";"17.47";"__export__.product_product_17081_6603c395";"__export__.purchase_order_1677_0cc842bf";"10";"purchase";"__export__.uom_uom_22_b15e9a07";"0.0";"0.0";"0.0";"4.0";"4.0"
"__export__.purchase_order_line_10742_d29934fa";"[025383-S] T C-Peptite IIgen Cal. (6x1 mL)";"2020-05-08 12:30:31";"30.0";"l10n_it.1_22a";"58.97";"__export__.product_product_17103_929ff047";"__export__.purchase_order_1677_0cc842bf";"10";"purchase";"__export__.uom_uom_22_b15e9a07";"0.0";"0.0";"0.0";"2.0";"2.0"
"__export__.purchase_order_line_10743_eb4b4698";"[020360-S] T Insulina Cal. (6x1 mL)";"2020-05-08 12:30:31";"30.0";"l10n_it.1_22a";"58.97";"__export__.product_product_17131_7576cb42";"__export__.purchase_order_1677_0cc842bf";"10";"purchase";"__export__.uom_uom_22_b15e9a07";"0.0";"0.0";"0.0";"2.0";"2.0"
"__export__.purchase_order_line_10744_0cd8eff7";"[025326-S] T Omocisteina Cal. (6x1 mL)";"2020-05-08 12:30:31";"30.0";"l10n_it.1_22a";"55.65";"__export__.product_product_17138_8d295b0a";"__export__.purchase_order_1677_0cc842bf";"10";"purchase";"__export__.uom_uom_22_b15e9a07";"0.0";"0.0";"0.0";"2.0";"2.0"
"__export__.purchase_order_line_10745_519a254f";"[025236-20] T Osteocalcina (20 test)";"2020-05-08 12:30:31";"30.0";"l10n_it.1_22a";"73.2";"__export__.product_product_17141_41cef19b";"__export__.purchase_order_1677_0cc842bf";"10";"purchase";"__export__.uom_uom_22_b15e9a07";"0.0";"0.0";"0.0";"5.0";"5.0"
"__export__.purchase_order_line_10746_f0d1cbb9";"[020389-S] T Ovca (CA-125) Cal. (6x1 mL)";"2020-05-08 12:30:31";"30.0";"l10n_it.1_22a";"58.97";"__export__.product_product_17144_ed310ece";"__export__.purchase_order_1677_0cc842bf";"10";"purchase";"__export__.uom_uom_22_b15e9a07";"0.0";"0.0";"0.0";"2.0";"2.0"
"__export__.purchase_order_line_10747_a061ec6f";"[020387-S] T Cortisolo Cal. (6x1 mL)";"2020-05-08 12:30:31";"30.0";"l10n_it.1_22a";"58.97";"__export__.product_product_17100_d25bb5a3";"__export__.purchase_order_1677_0cc842bf";"10";"purchase";"__export__.uom_uom_22_b15e9a07";"0.0";"0.0";"0.0";"2.0";"2.0"
"__export__.purchase_order_line_10748_ba3c5dd6";"[025324-S] T Estradiolo Cal. (6x1 mL)";"2020-05-08 12:30:31";"30.0";"l10n_it.1_22a";"50.23";"__export__.product_product_17112_77167028";"__export__.purchase_order_1677_0cc842bf";"10";"purchase";"__export__.uom_uom_22_b15e9a07";"0.0";"0.0";"0.0";"2.0";"2.0"
"__export__.purchase_order_line_10749_7f2f14e4";"[025396-S] T LH Stat Cal. (6x1 mL)";"2020-05-08 12:30:31";"30.0";"l10n_it.1_22a";"51.32";"__export__.product_product_17133_f94a73a9";"__export__.purchase_order_1677_0cc842bf";"10";"purchase";"__export__.uom_uom_22_b15e9a07";"0.0";"0.0";"0.0";"2.0";"2.0"
"__export__.purchase_order_line_10750_35b62e19";"[020291-20] T Anti-Tireoglobulina (20 test)";"2020-05-08 12:30:31";"30.0";"l10n_it.1_22a";"39.6";"__export__.product_product_17169_8d5baeeb";"__export__.purchase_order_1677_0cc842bf";"10";"purchase";"__export__.uom_uom_22_b15e9a07";"0.0";"0.0";"0.0";"5.0";"5.0"
"__export__.purchase_order_line_10751_505ddd34";"[025320-S] T B-HCG IIgen Cal. (2x1 mL)";"2020-05-08 12:30:31";"30.0";"l10n_it.1_22a";"58.97";"__export__.product_product_17085_0e5b59fc";"__export__.purchase_order_1677_0cc842bf";"10";"purchase";"__export__.uom_uom_22_b15e9a07";"0.0";"0.0";"0.0";"2.0";"2.0"
"__export__.purchase_order_line_10752_ef45b8f3";"[025289-20] T Ovca (CA-125) (20 test)";"2020-05-08 12:30:31";"30.0";"l10n_it.1_22a";"45.6";"__export__.product_product_17143_dfa83f13";"__export__.purchase_order_1677_0cc842bf";"10";"purchase";"__export__.uom_uom_22_b15e9a07";"0.0";"0.0";"0.0";"5.0";"5.0"
"__export__.purchase_order_line_10753_9ba01400";"[020365-S] T FSH Cal. (2x1 mL)";"2020-05-08 12:30:31";"30.0";"l10n_it.1_22a";"20.75";"__export__.product_product_17120_4c580a13";"__export__.purchase_order_1677_0cc842bf";"10";"purchase";"__export__.uom_uom_22_b15e9a07";"0.0";"0.0";"0.0";"2.0";"2.0"
"__export__.purchase_order_line_10754_ae8dcfd6";"[020392-S] T Folati Cal. (6x1 mL)";"2020-05-08 12:30:31";"30.0";"l10n_it.1_22a";"78.62";"__export__.product_product_17117_201ad409";"__export__.purchase_order_1677_0cc842bf";"10";"purchase";"__export__.uom_uom_22_b15e9a07";"0.0";"0.0";"0.0";"2.0";"2.0"
"__export__.purchase_order_line_10755_c70f539a";"[020395-S] T IgE IIgen Cal. (6x1 mL)";"2020-05-08 12:30:31";"30.0";"l10n_it.1_22a";"60.06";"__export__.product_product_17129_2967bd15";"__export__.purchase_order_1677_0cc842bf";"10";"purchase";"__export__.uom_uom_22_b15e9a07";"0.0";"0.0";"0.0";"2.0";"2.0"
"__export__.purchase_order_line_10756_4e389a2f";"[025312-S] T PSA IIgen Cal. (6x1 mL)";"2020-05-08 12:30:31";"30.0";"l10n_it.1_22a";"58.97";"__export__.product_product_17152_cb4d6338";"__export__.purchase_order_1677_0cc842bf";"10";"purchase";"__export__.uom_uom_22_b15e9a07";"0.0";"0.0";"0.0";"2.0";"2.0"
"__export__.purchase_order_line_10757_057bfa42";"[25283/20] T C-Peptite IIgen (20 test)";"2020-05-08 12:30:31";"0.0";"l10n_it.1_22a";"15.68";"__export__.product_product_17102_51752caf";"__export__.purchase_order_1677_0cc842bf";"10";"purchase";"__export__.uom_uom_22_b15e9a07";"0.0";"0.0";"0.0";"5.0";"5.0"
"__export__.purchase_order_line_10758_46928842";"[020354-S] T CEA Cal. (2x1 mL)";"2020-05-08 12:30:31";"30.0";"l10n_it.1_22a";"19.66";"__export__.product_product_17092_bd8bc6ae";"__export__.purchase_order_1677_0cc842bf";"10";"purchase";"__export__.uom_uom_22_b15e9a07";"0.0";"0.0";"0.0";"2.0";"2.0"
"__export__.purchase_order_line_10759_34ea9d10";"[025202-20] T 27.29 (CA-15.3) (20 test)";"2020-05-08 12:30:31";"30.0";"l10n_it.1_22a";"50.2";"__export__.product_product_17073_a1a30c3b";"__export__.purchase_order_1677_0cc842bf";"10";"purchase";"__export__.uom_uom_22_b15e9a07";"0.0";"0.0";"0.0";"5.0";"5.0"
"__export__.purchase_order_line_10760_dd23a79e";"[0025340-S] T Progesterone IIIgen Cal. (6x1 mL)";"2020-05-08 12:30:31";"30.0";"l10n_it.1_22a";"50.23";"__export__.product_product_18891_f3395632";"__export__.purchase_order_1677_0cc842bf";"10";"purchase";"__export__.uom_uom_22_b15e9a07";"0.0";"0.0";"0.0";"2.0";"2.0"
"__export__.purchase_order_line_10761_6672ff3b";"[21849-1] T G8 Buffer HSI 1";"2020-05-08 12:30:31";"0.0";"l10n_it.1_22a";"57.33";"__export__.product_product_18525_b9dc7620";"__export__.purchase_order_1677_0cc842bf";"10";"purchase";"__export__.uom_uom_22_b15e9a07";"0.0";"0.0";"0.0";"1.0";"1.0"
"__export__.purchase_order_line_10762_4acfd576";"[020290-20] T Anti-TPO (20 test)";"2020-05-08 12:30:31";"30.0";"l10n_it.1_22a";"58.8";"__export__.product_product_17175_5026b467";"__export__.purchase_order_1677_0cc842bf";"10";"purchase";"__export__.uom_uom_22_b15e9a07";"0.0";"0.0";"0.0";"10.0";"10.0"
"__export__.purchase_order_line_10763_d3719e41";"[21851-1] T G8 Buffer HSI 3";"2020-05-08 12:30:31";"0.0";"l10n_it.1_22a";"57.33";"__export__.product_product_18527_1bf4e71d";"__export__.purchase_order_1677_0cc842bf";"10";"purchase";"__export__.uom_uom_22_b15e9a07";"0.0";"0.0";"0.0";"1.0";"1.0"
"__export__.purchase_order_line_10764_cc6ca4d8";"[020355-S] T Prolattina Cal. (2x1 mL)";"2020-05-08 12:30:31";"30.0";"l10n_it.1_22a";"19.66";"__export__.product_product_17148_b40402b9";"__export__.purchase_order_1677_0cc842bf";"10";"purchase";"__export__.uom_uom_22_b15e9a07";"0.0";"0.0";"0.0";"2.0";"2.0"
"__export__.purchase_order_line_10765_1044166b";"[020393-S] T Vitamina B12 Cal. (6x1 mL)";"2020-05-08 12:30:31";"30.0";"l10n_it.1_22a";"78.62";"__export__.product_product_17184_49df1a2d";"__export__.purchase_order_1677_0cc842bf";"10";"purchase";"__export__.uom_uom_22_b15e9a07";"0.0";"0.0";"0.0";"2.0";"2.0"
"__export__.purchase_order_line_10766_e57c7803";"[25734] T Vitamina D Pretrattamento (6x5 mL)";"2020-05-08 12:30:31";"30.0";"l10n_it.1_22a";"65.0";"__export__.product_product_17188_71d955c6";"__export__.purchase_order_1677_0cc842bf";"10";"purchase";"__export__.uom_uom_22_b15e9a07";"0.0";"0.0";"0.0";"2.0";"2.0"
"__export__.purchase_order_line_10767_d1f7eb15";"[020353-S] T Ferritina Cal. (2x1 mL)";"2020-05-08 12:30:31";"30.0";"l10n_it.1_22a";"15.29";"__export__.product_product_17115_ba044d39";"__export__.purchase_order_1677_0cc842bf";"10";"purchase";"__export__.uom_uom_22_b15e9a07";"0.0";"0.0";"0.0";"2.0";"2.0"
"__export__.purchase_order_line_10768_6f4f4a74";"[21850-1] T G8 Buffer HSI 2";"2020-05-08 12:30:31";"0.0";"l10n_it.1_22a";"57.33";"__export__.product_product_18526_362dfa8c";"__export__.purchase_order_1677_0cc842bf";"10";"purchase";"__export__.uom_uom_22_b15e9a07";"0.0";"0.0";"0.0";"1.0";"1.0"
"__export__.purchase_order_line_10769_6dacd9dd";"[025313-S] T PTH Cal. (6x1 mL)";"2020-05-08 12:30:31";"30.0";"l10n_it.1_22a";"58.97";"__export__.product_product_17154_3e3e2638";"__export__.purchase_order_1677_0cc842bf";"10";"purchase";"__export__.uom_uom_22_b15e9a07";"0.0";"0.0";"0.0";"2.0";"2.0"
"__export__.purchase_order_line_10770_7c58c5f4";"[025331-S] T FT3i Cal. (6x1 mL)";"2020-05-08 12:30:31";"30.0";"l10n_it.1_22a";"58.97";"__export__.product_product_17122_d13a92a7";"__export__.purchase_order_1677_0cc842bf";"10";"purchase";"__export__.uom_uom_22_b15e9a07";"0.0";"0.0";"0.0";"1.0";"1.0"
"__export__.purchase_order_line_10771_a26e21c4";"[020368-S] T FT4 Cal. (6x1 mL)";"2020-05-08 12:30:31";"30.0";"l10n_it.1_22a";"58.97";"__export__.product_product_17124_65648828";"__export__.purchase_order_1677_0cc842bf";"10";"purchase";"__export__.uom_uom_22_b15e9a07";"0.0";"0.0";"0.0";"2.0";"2.0"
"__export__.purchase_order_line_10772_7d506de7";"[025221-20] T ACTH (20 test)";"2020-05-08 12:30:31";"30.0";"l10n_it.1_22a";"50.4";"__export__.product_product_17076_1e529aee";"__export__.purchase_order_1677_0cc842bf";"10";"purchase";"__export__.uom_uom_22_b15e9a07";"0.0";"0.0";"0.0";"5.0";"5.0"
"__export__.purchase_order_line_10773_ec33ead3";"[020394-S] T TSH IIIgen Cal. (6x1 mL)";"2020-05-08 12:30:31";"30.0";"l10n_it.1_22a";"58.97";"__export__.product_product_17182_7813c26f";"__export__.purchase_order_1677_0cc842bf";"10";"purchase";"__export__.uom_uom_22_b15e9a07";"0.0";"0.0";"0.0";"4.0";"4.0"
"__export__.purchase_order_line_10774_0a1c0e33";"[025204-20] T Testosterone (20 test)";"2020-05-08 12:30:31";"30.0";"l10n_it.1_22a";"31.0";"__export__.product_product_17167_271ebc10";"__export__.purchase_order_1677_0cc842bf";"10";"purchase";"__export__.uom_uom_22_b15e9a07";"0.0";"0.0";"0.0";"5.0";"5.0"
"__export__.purchase_order_line_10775_ffe0820e";"[20707] T Folati Pretrattamento (6x5 mL)";"2020-05-08 12:30:31";"30.0";"l10n_it.1_22a";"65.52";"__export__.product_product_17118_586304ce";"__export__.purchase_order_1677_0cc842bf";"10";"purchase";"__export__.uom_uom_22_b15e9a07";"0.0";"0.0";"0.0";"1.0";"1.0"
"__export__.purchase_order_line_10776_249575ef";"[025228-20] T BNP (20 test)";"2020-05-08 12:30:31";"30.0";"l10n_it.1_22a";"132.4";"__export__.product_product_17088_a13a9b12";"__export__.purchase_order_1677_0cc842bf";"10";"purchase";"__export__.uom_uom_22_b15e9a07";"0.0";"0.0";"0.0";"5.0";"5.0"
"__export__.purchase_order_line_10777_ceeb3efc";"[19552] T G7 Tampone 1 (800 mL)";"2020-05-08 12:30:31";"30.0";"l10n_it.1_22a";"72.45";"__export__.product_product_18518_c636a0dd";"__export__.purchase_order_1677_0cc842bf";"10";"purchase";"__export__.uom_uom_22_b15e9a07";"0.0";"0.0";"0.0";"1.0";"1.0"
"__export__.purchase_order_line_10778_3a3f7890";"[025262-20] T PAP (20 test)";"2020-05-08 12:30:31";"30.0";"l10n_it.1_22a";"32.8";"__export__.product_product_17145_1c25b565";"__export__.purchase_order_1677_0cc842bf";"10";"purchase";"__export__.uom_uom_22_b15e9a07";"0.0";"0.0";"0.0";"10.0";"10.0"
"__export__.purchase_order_line_10779_0d904f88";"[025227-20] T Tireoglobulina (20 test)";"2020-05-08 12:30:31";"30.0";"l10n_it.1_22a";"30.0";"__export__.product_product_17172_f73cc329";"__export__.purchase_order_1677_0cc842bf";"10";"purchase";"__export__.uom_uom_22_b15e9a07";"0.0";"0.0";"0.0";"10.0";"10.0"
"__export__.purchase_order_line_10780_8df09d61";"[25726] T Omocisteina Pretrattamento (6x5 mL)";"2020-05-08 12:30:31";"30.0";"l10n_it.1_22a";"67.73";"__export__.product_product_17140_6def6934";"__export__.purchase_order_1677_0cc842bf";"10";"purchase";"__export__.uom_uom_22_b15e9a07";"0.0";"0.0";"0.0";"1.0";"1.0"
"__export__.purchase_order_line_10781_27fcd909";"[025252-20] T AFP (Alfafetoproteina) (20 test)";"2020-05-08 12:30:31";"30.0";"l10n_it.1_22a";"30.6";"__export__.product_product_17080_0495c785";"__export__.purchase_order_1677_0cc842bf";"10";"purchase";"__export__.uom_uom_22_b15e9a07";"0.0";"0.0";"0.0";"10.0";"10.0"
"__export__.purchase_order_line_10782_eae5aa0e";"[025285-20] T SLA (CA-19.9) (20 test)";"2020-05-08 12:30:31";"30.0";"l10n_it.1_22a";"34.6";"__export__.product_product_17161_dbc481a9";"__export__.purchase_order_1677_0cc842bf";"10";"purchase";"__export__.uom_uom_22_b15e9a07";"0.0";"0.0";"0.0";"10.0";"10.0"
"__export__.purchase_order_line_10783_e3b3856c";"[20706] T Vitamina B12 Pretrattamento (6x5 mL)";"2020-05-08 12:30:31";"30.0";"l10n_it.1_22a";"65.52";"__export__.product_product_17185_896689f4";"__export__.purchase_order_1677_0cc842bf";"10";"purchase";"__export__.uom_uom_22_b15e9a07";"0.0";"0.0";"0.0";"1.0";"1.0"
